<?xml version="1.0" encoding="UTF-8" standalone="yes"?>
<nl:AuditFile xmlns:nl="urn:StandardAuditFile-Taxation-Financial:NO" xmlns:xsi="http://www.w3.org/2001/XMLSchema-instance" xsi:schemaLocation="urn:StandardAuditFile-Taxation-Financial:NO Norwegian_SAF-T_Financial_Schema_v_1.10.xsd">
    <nl:Header>
        <nl:AuditFileVersion>1.10</nl:AuditFileVersion>
        <nl:AuditFileCountry>NO</nl:AuditFileCountry>
        <nl:AuditFileDateCreated>2020-10-12</nl:AuditFileDateCreated>
        <nl:SoftwareCompanyName>Tripletex</nl:SoftwareCompanyName>
        <nl:SoftwareID>Tripletex.no</nl:SoftwareID>
        <nl:SoftwareVersion>1.0</nl:SoftwareVersion>
        <nl:Company>
            <nl:RegistrationNumber></nl:RegistrationNumber>
            <nl:Name>test</nl:Name>
            <nl:Address>
                <nl:StreetName></nl:StreetName>
                <nl:City></nl:City>
                <nl:PostalCode></nl:PostalCode>
                <nl:Country>NO</nl:Country>
            </nl:Address>
            <nl:Contact>
                <nl:ContactPerson>
                    <nl:FirstName>Sindre</nl:FirstName>
                    <nl:LastName>Nyberg</nl:LastName>
                </nl:ContactPerson>
                <nl:Telephone>97480541</nl:Telephone>
                <nl:Email>Sindernyb@hotmail.com</nl:Email>
            </nl:Contact>
            <nl:TaxRegistration>
                <nl:TaxRegistrationNumber></nl:TaxRegistrationNumber>
                <nl:TaxAuthority>Skatteetaten</nl:TaxAuthority>
            </nl:TaxRegistration>
        </nl:Company>
        <nl:DefaultCurrencyCode>NOK</nl:DefaultCurrencyCode>
        <nl:SelectionCriteria>
            <nl:SelectionStartDate>2020-01-01</nl:SelectionStartDate>
            <nl:SelectionEndDate>2020-12-31</nl:SelectionEndDate>
        </nl:SelectionCriteria>
        <nl:HeaderComment>SAF-T financial accounting export by Tripletex. 12. oktober 2020 02:53</nl:HeaderComment>
        <nl:TaxAccountingBasis>A</nl:TaxAccountingBasis>
    </nl:Header>
    <nl:MasterFiles>
        <nl:GeneralLedgerAccounts>
            <nl:Account>
                <nl:AccountID>1000</nl:AccountID>
                <nl:AccountDescription>Forskning og utvikling, ervervet</nl:AccountDescription>
                <nl:StandardAccountID>10</nl:StandardAccountID>
                <nl:AccountType>GL</nl:AccountType>
                <nl:OpeningDebitBalance>0.0</nl:OpeningDebitBalance>
                <nl:ClosingDebitBalance>0.0</nl:ClosingDebitBalance>
				<nl:OpeningCreditBalance>0.0</nl:OpeningCreditBalance>
                <nl:ClosingCreditBalance>0.0</nl:ClosingCreditBalance>
            </nl:Account>
            <nl:Account>
                <nl:AccountID>1005</nl:AccountID>
                <nl:AccountDescription>Forskning og utvikling, egenutviklet</nl:AccountDescription>
                <nl:StandardAccountID>10</nl:StandardAccountID>
                <nl:AccountType>GL</nl:AccountType>
                <nl:OpeningDebitBalance>0.0</nl:OpeningDebitBalance>
                <nl:ClosingDebitBalance>0.0</nl:ClosingDebitBalance>
				<nl:OpeningCreditBalance>0.0</nl:OpeningCreditBalance>
                <nl:ClosingCreditBalance>0.0</nl:ClosingCreditBalance>
            </nl:Account>
            <nl:Account>
                <nl:AccountID>1020</nl:AccountID>
                <nl:AccountDescription>Konsesjoner, ervervet</nl:AccountDescription>
                <nl:StandardAccountID>10</nl:StandardAccountID>
                <nl:AccountType>GL</nl:AccountType>
                <nl:OpeningDebitBalance>0.0</nl:OpeningDebitBalance>
                <nl:ClosingDebitBalance>0.0</nl:ClosingDebitBalance>
				<nl:OpeningCreditBalance>0.0</nl:OpeningCreditBalance>
                <nl:ClosingCreditBalance>0.0</nl:ClosingCreditBalance>
            </nl:Account>
            <nl:Account>
                <nl:AccountID>1025</nl:AccountID>
                <nl:AccountDescription>Konsesjoner, egenutviklet</nl:AccountDescription>
                <nl:StandardAccountID>10</nl:StandardAccountID>
                <nl:AccountType>GL</nl:AccountType>
                <nl:OpeningDebitBalance>0.0</nl:OpeningDebitBalance>
                <nl:ClosingDebitBalance>0.0</nl:ClosingDebitBalance>
				<nl:OpeningCreditBalance>0.0</nl:OpeningCreditBalance>
                <nl:ClosingCreditBalance>0.0</nl:ClosingCreditBalance>
            </nl:Account>
            <nl:Account>
                <nl:AccountID>1030</nl:AccountID>
                <nl:AccountDescription>Patenter, ervervet</nl:AccountDescription>
                <nl:StandardAccountID>10</nl:StandardAccountID>
                <nl:AccountType>GL</nl:AccountType>
                <nl:OpeningDebitBalance>825500000</nl:OpeningDebitBalance>
                <nl:ClosingDebitBalance>589000000</nl:ClosingDebitBalance>
				<nl:OpeningCreditBalance>0.0</nl:OpeningCreditBalance>
                <nl:ClosingCreditBalance>0.0</nl:ClosingCreditBalance>
            </nl:Account>
            <nl:Account>
                <nl:AccountID>1035</nl:AccountID>
                <nl:AccountDescription>Patenter, egenutviklet</nl:AccountDescription>
                <nl:StandardAccountID>10</nl:StandardAccountID>
                <nl:AccountType>GL</nl:AccountType>
                <nl:OpeningDebitBalance>0.0</nl:OpeningDebitBalance>
                <nl:ClosingDebitBalance>0.0</nl:ClosingDebitBalance>
				<nl:OpeningCreditBalance>0.0</nl:OpeningCreditBalance>
                <nl:ClosingCreditBalance>0.0</nl:ClosingCreditBalance>
            </nl:Account>
            <nl:Account>
                <nl:AccountID>1040</nl:AccountID>
                <nl:AccountDescription>Lisenser, ervervet</nl:AccountDescription>
                <nl:StandardAccountID>10</nl:StandardAccountID>
                <nl:AccountType>GL</nl:AccountType>
                <nl:OpeningDebitBalance>825500000</nl:OpeningDebitBalance>
                <nl:ClosingDebitBalance>589000000</nl:ClosingDebitBalance>
				<nl:OpeningCreditBalance>0.0</nl:OpeningCreditBalance>
                <nl:ClosingCreditBalance>0.0</nl:ClosingCreditBalance>
            </nl:Account>
            <nl:Account>
                <nl:AccountID>1045</nl:AccountID>
                <nl:AccountDescription>Lisenser, egenutviklet</nl:AccountDescription>
                <nl:StandardAccountID>10</nl:StandardAccountID>
                <nl:AccountType>GL</nl:AccountType>
                <nl:OpeningDebitBalance>0.0</nl:OpeningDebitBalance>
                <nl:ClosingDebitBalance>0.0</nl:ClosingDebitBalance>
				<nl:OpeningCreditBalance>0.0</nl:OpeningCreditBalance>
                <nl:ClosingCreditBalance>0.0</nl:ClosingCreditBalance>
            </nl:Account>
            <nl:Account>
                <nl:AccountID>1050</nl:AccountID>
                <nl:AccountDescription>Varemerker, ervervet</nl:AccountDescription>
                <nl:StandardAccountID>10</nl:StandardAccountID>
                <nl:AccountType>GL</nl:AccountType>
                <nl:OpeningDebitBalance>825500000</nl:OpeningDebitBalance>
                <nl:ClosingDebitBalance>589000000</nl:ClosingDebitBalance>
				<nl:OpeningCreditBalance>0.0</nl:OpeningCreditBalance>
                <nl:ClosingCreditBalance>0.0</nl:ClosingCreditBalance>
            </nl:Account>
            <nl:Account>
                <nl:AccountID>1055</nl:AccountID>
                <nl:AccountDescription>Varemerker, egenutviklet</nl:AccountDescription>
                <nl:StandardAccountID>10</nl:StandardAccountID>
                <nl:AccountType>GL</nl:AccountType>
                <nl:OpeningDebitBalance>0.0</nl:OpeningDebitBalance>
                <nl:ClosingDebitBalance>0.0</nl:ClosingDebitBalance>
				<nl:OpeningCreditBalance>0.0</nl:OpeningCreditBalance>
                <nl:ClosingCreditBalance>0.0</nl:ClosingCreditBalance>
            </nl:Account>
            <nl:Account>
                <nl:AccountID>1060</nl:AccountID>
                <nl:AccountDescription>Andre rettigheter, ervervet</nl:AccountDescription>
                <nl:StandardAccountID>10</nl:StandardAccountID>
                <nl:AccountType>GL</nl:AccountType>
                <nl:OpeningDebitBalance>825500000</nl:OpeningDebitBalance>
                <nl:ClosingDebitBalance>589000000</nl:ClosingDebitBalance>
				<nl:OpeningCreditBalance>0.0</nl:OpeningCreditBalance>
                <nl:ClosingCreditBalance>0.0</nl:ClosingCreditBalance>
            </nl:Account>
            <nl:Account>
                <nl:AccountID>1065</nl:AccountID>
                <nl:AccountDescription>Andre rettigherer, egenutviklet</nl:AccountDescription>
                <nl:StandardAccountID>10</nl:StandardAccountID>
                <nl:AccountType>GL</nl:AccountType>
                <nl:OpeningDebitBalance>0.0</nl:OpeningDebitBalance>
                <nl:ClosingDebitBalance>0.0</nl:ClosingDebitBalance>
				<nl:OpeningCreditBalance>0.0</nl:OpeningCreditBalance>
                <nl:ClosingCreditBalance>0.0</nl:ClosingCreditBalance>
            </nl:Account>
            <nl:Account>
                <nl:AccountID>1070</nl:AccountID>
                <nl:AccountDescription>Utsatt skattefordel</nl:AccountDescription>
                <nl:StandardAccountID>10</nl:StandardAccountID>
                <nl:AccountType>GL</nl:AccountType>
                <nl:OpeningDebitBalance>0.0</nl:OpeningDebitBalance>
                <nl:ClosingDebitBalance>0.0</nl:ClosingDebitBalance>
				<nl:OpeningCreditBalance>0.0</nl:OpeningCreditBalance>
                <nl:ClosingCreditBalance>0.0</nl:ClosingCreditBalance>
            </nl:Account>
            <nl:Account>
                <nl:AccountID>1080</nl:AccountID>
                <nl:AccountDescription>Goodwill, ervervet</nl:AccountDescription>
                <nl:StandardAccountID>10</nl:StandardAccountID>
                <nl:AccountType>GL</nl:AccountType>
                <nl:OpeningDebitBalance>297000000</nl:OpeningDebitBalance>
                <nl:ClosingDebitBalance>486000000 </nl:ClosingDebitBalance>
				<nl:OpeningCreditBalance>0.0</nl:OpeningCreditBalance>
                <nl:ClosingCreditBalance>0.0</nl:ClosingCreditBalance>
            </nl:Account>
            <nl:Account>
                <nl:AccountID>1100</nl:AccountID>
                <nl:AccountDescription>Forretningsbygg</nl:AccountDescription>
                <nl:StandardAccountID>11</nl:StandardAccountID>
                <nl:AccountType>GL</nl:AccountType>
                <nl:OpeningDebitBalance>1584000000‬</nl:OpeningDebitBalance>
                <nl:ClosingDebitBalance>1652000000‬</nl:ClosingDebitBalance>
				<nl:OpeningCreditBalance>0.0</nl:OpeningCreditBalance>
                <nl:ClosingCreditBalance>0.0</nl:ClosingCreditBalance>
            </nl:Account>
            <nl:Account>
                <nl:AccountID>1117</nl:AccountID>
                <nl:AccountDescription>Elektroteknisk utrustning i kraftforetak</nl:AccountDescription>
                <nl:StandardAccountID>11</nl:StandardAccountID>
                <nl:AccountType>GL</nl:AccountType>
                <nl:OpeningDebitBalance>0.0</nl:OpeningDebitBalance>
                <nl:ClosingDebitBalance>0.0</nl:ClosingDebitBalance>
				<nl:OpeningCreditBalance>0.0</nl:OpeningCreditBalance>
                <nl:ClosingCreditBalance>0.0</nl:ClosingCreditBalance>
            </nl:Account>
            <nl:Account>
                <nl:AccountID>1120</nl:AccountID>
                <nl:AccountDescription>Bygningsmessig anlegg</nl:AccountDescription>
                <nl:StandardAccountID>11</nl:StandardAccountID>
                <nl:AccountType>GL</nl:AccountType>
                <nl:OpeningDebitBalance>0.0</nl:OpeningDebitBalance>
                <nl:ClosingDebitBalance>0.0</nl:ClosingDebitBalance>
				<nl:OpeningCreditBalance>0.0</nl:OpeningCreditBalance>
                <nl:ClosingCreditBalance>0.0</nl:ClosingCreditBalance>
            </nl:Account>
            <nl:Account>
                <nl:AccountID>1130</nl:AccountID>
                <nl:AccountDescription>Anlegg under utførelse</nl:AccountDescription>
                <nl:StandardAccountID>11</nl:StandardAccountID>
                <nl:AccountType>GL</nl:AccountType>
                <nl:OpeningDebitBalance>0.0</nl:OpeningDebitBalance>
                <nl:ClosingDebitBalance>0.0</nl:ClosingDebitBalance>
				<nl:OpeningCreditBalance>0.0</nl:OpeningCreditBalance>
                <nl:ClosingCreditBalance>0.0</nl:ClosingCreditBalance>
            </nl:Account>
            <nl:Account>
                <nl:AccountID>1140</nl:AccountID>
                <nl:AccountDescription>Jordbrukseiendommer</nl:AccountDescription>
                <nl:StandardAccountID>11</nl:StandardAccountID>
                <nl:AccountType>GL</nl:AccountType>
                <nl:OpeningDebitBalance>0.0</nl:OpeningDebitBalance>
                <nl:ClosingDebitBalance>0.0</nl:ClosingDebitBalance>
				<nl:OpeningCreditBalance>0.0</nl:OpeningCreditBalance>
                <nl:ClosingCreditBalance>0.0</nl:ClosingCreditBalance>
            </nl:Account>
            <nl:Account>
                <nl:AccountID>1145</nl:AccountID>
                <nl:AccountDescription>Skogbrukseiendommer</nl:AccountDescription>
                <nl:StandardAccountID>11</nl:StandardAccountID>
                <nl:AccountType>GL</nl:AccountType>
                <nl:OpeningDebitBalance>0.0</nl:OpeningDebitBalance>
                <nl:ClosingDebitBalance>0.0</nl:ClosingDebitBalance>
				<nl:OpeningCreditBalance>0.0</nl:OpeningCreditBalance>
                <nl:ClosingCreditBalance>0.0</nl:ClosingCreditBalance>
            </nl:Account>
            <nl:Account>
                <nl:AccountID>1150</nl:AccountID>
                <nl:AccountDescription>Tomter</nl:AccountDescription>
                <nl:StandardAccountID>11</nl:StandardAccountID>
                <nl:AccountType>GL</nl:AccountType>
                <nl:OpeningDebitBalance>1584000000‬</nl:OpeningDebitBalance>
                <nl:ClosingDebitBalance>1652000000‬</nl:ClosingDebitBalance>
				<nl:OpeningCreditBalance>0.0</nl:OpeningCreditBalance>
                <nl:ClosingCreditBalance>0.0</nl:ClosingCreditBalance>
            </nl:Account>
            <nl:Account>
                <nl:AccountID>1155</nl:AccountID>
                <nl:AccountDescription>Andre grunnarealer</nl:AccountDescription>
                <nl:StandardAccountID>11</nl:StandardAccountID>
                <nl:AccountType>GL</nl:AccountType>
                <nl:OpeningDebitBalance>0.0</nl:OpeningDebitBalance>
                <nl:ClosingDebitBalance>4309000000</nl:ClosingDebitBalance>
				<nl:OpeningCreditBalance>0.0</nl:OpeningCreditBalance>
                <nl:ClosingCreditBalance>0.0</nl:ClosingCreditBalance>
            </nl:Account>
            <nl:Account>
                <nl:AccountID>1160</nl:AccountID>
                <nl:AccountDescription>Boliger inkl. tomter</nl:AccountDescription>
                <nl:StandardAccountID>11</nl:StandardAccountID>
                <nl:AccountType>GL</nl:AccountType>
                <nl:OpeningDebitBalance>0.0</nl:OpeningDebitBalance>
                <nl:ClosingDebitBalance>0.0</nl:ClosingDebitBalance>
				<nl:OpeningCreditBalance>0.0</nl:OpeningCreditBalance>
                <nl:ClosingCreditBalance>0.0</nl:ClosingCreditBalance>
            </nl:Account>
            <nl:Account>
                <nl:AccountID>1180</nl:AccountID>
                <nl:AccountDescription>Investeringseiendommer</nl:AccountDescription>
                <nl:StandardAccountID>11</nl:StandardAccountID>
                <nl:AccountType>GL</nl:AccountType>
                <nl:OpeningDebitBalance>0.0</nl:OpeningDebitBalance>
                <nl:ClosingDebitBalance>0.0</nl:ClosingDebitBalance>
				<nl:OpeningCreditBalance>0.0</nl:OpeningCreditBalance>
                <nl:ClosingCreditBalance>0.0</nl:ClosingCreditBalance>
            </nl:Account>
            <nl:Account>
                <nl:AccountID>1190</nl:AccountID>
                <nl:AccountDescription>Andre anleggsmidler</nl:AccountDescription>
                <nl:StandardAccountID>11</nl:StandardAccountID>
                <nl:AccountType>GL</nl:AccountType>
                <nl:OpeningDebitBalance>0.0</nl:OpeningDebitBalance>
                <nl:ClosingDebitBalance>0.0</nl:ClosingDebitBalance>
				<nl:OpeningCreditBalance>0.0</nl:OpeningCreditBalance>
                <nl:ClosingCreditBalance>0.0</nl:ClosingCreditBalance>
            </nl:Account>
            <nl:Account>
                <nl:AccountID>1200</nl:AccountID>
                <nl:AccountDescription>Maskiner og anlegg</nl:AccountDescription>
                <nl:StandardAccountID>12</nl:StandardAccountID>
                <nl:AccountType>GL</nl:AccountType>
                <nl:OpeningDebitBalance>3254000000</nl:OpeningDebitBalance>
                <nl:ClosingDebitBalance>3729800000‬</nl:ClosingDebitBalance>
				<nl:OpeningCreditBalance>0.0</nl:OpeningCreditBalance>
                <nl:ClosingCreditBalance>0.0</nl:ClosingCreditBalance>
            </nl:Account>
            <nl:Account>
                <nl:AccountID>1210</nl:AccountID>
                <nl:AccountDescription>Maskiner og anlegg under utførelse</nl:AccountDescription>
                <nl:StandardAccountID>12</nl:StandardAccountID>
                <nl:AccountType>GL</nl:AccountType>
                <nl:OpeningDebitBalance>0.0</nl:OpeningDebitBalance>
                <nl:ClosingDebitBalance>0.0</nl:ClosingDebitBalance>
				<nl:OpeningCreditBalance>0.0</nl:OpeningCreditBalance>
                <nl:ClosingCreditBalance>0.0</nl:ClosingCreditBalance>
            </nl:Account>
            <nl:Account>
                <nl:AccountID>1220</nl:AccountID>
                <nl:AccountDescription>Skip</nl:AccountDescription>
                <nl:StandardAccountID>12</nl:StandardAccountID>
                <nl:AccountType>GL</nl:AccountType>
                <nl:OpeningDebitBalance>3254000000</nl:OpeningDebitBalance>
                <nl:ClosingDebitBalance>3729800000‬</nl:ClosingDebitBalance>
				<nl:OpeningCreditBalance>0.0</nl:OpeningCreditBalance>
                <nl:ClosingCreditBalance>0.0</nl:ClosingCreditBalance>
            </nl:Account>
            <nl:Account>
                <nl:AccountID>1224</nl:AccountID>
                <nl:AccountDescription>Rigger</nl:AccountDescription>
                <nl:StandardAccountID>12</nl:StandardAccountID>
                <nl:AccountType>GL</nl:AccountType>
                <nl:OpeningDebitBalance>0.0</nl:OpeningDebitBalance>
                <nl:ClosingDebitBalance>0.0</nl:ClosingDebitBalance>
				<nl:OpeningCreditBalance>0.0</nl:OpeningCreditBalance>
                <nl:ClosingCreditBalance>0.0</nl:ClosingCreditBalance>
            </nl:Account>
            <nl:Account>
                <nl:AccountID>1225</nl:AccountID>
                <nl:AccountDescription>Fly</nl:AccountDescription>
                <nl:StandardAccountID>12</nl:StandardAccountID>
                <nl:AccountType>GL</nl:AccountType>
                <nl:OpeningDebitBalance>0.0</nl:OpeningDebitBalance>
                <nl:ClosingDebitBalance>0.0</nl:ClosingDebitBalance>
				<nl:OpeningCreditBalance>0.0</nl:OpeningCreditBalance>
                <nl:ClosingCreditBalance>0.0</nl:ClosingCreditBalance>
            </nl:Account>
            <nl:Account>
                <nl:AccountID>1230</nl:AccountID>
                <nl:AccountDescription>Personbiler/stasjonsvogner</nl:AccountDescription>
                <nl:StandardAccountID>12</nl:StandardAccountID>
                <nl:AccountType>GL</nl:AccountType>
                <nl:OpeningDebitBalance>3254000000</nl:OpeningDebitBalance>
                <nl:ClosingDebitBalance>3729800000‬</nl:ClosingDebitBalance>
				<nl:OpeningCreditBalance>0.0</nl:OpeningCreditBalance>
                <nl:ClosingCreditBalance>0.0</nl:ClosingCreditBalance>
            </nl:Account>
            <nl:Account>
                <nl:AccountID>1233</nl:AccountID>
                <nl:AccountDescription>Varebiler</nl:AccountDescription>
                <nl:StandardAccountID>12</nl:StandardAccountID>
                <nl:AccountType>GL</nl:AccountType>
                <nl:OpeningDebitBalance>0.0</nl:OpeningDebitBalance>
                <nl:ClosingDebitBalance>0.0</nl:ClosingDebitBalance>
				<nl:OpeningCreditBalance>0.0</nl:OpeningCreditBalance>
                <nl:ClosingCreditBalance>0.0</nl:ClosingCreditBalance>
            </nl:Account>
            <nl:Account>
                <nl:AccountID>1236</nl:AccountID>
                <nl:AccountDescription>Lastebiler</nl:AccountDescription>
                <nl:StandardAccountID>12</nl:StandardAccountID>
                <nl:AccountType>GL</nl:AccountType>
                <nl:OpeningDebitBalance>0.0</nl:OpeningDebitBalance>
                <nl:ClosingDebitBalance>0.0</nl:ClosingDebitBalance>
				<nl:OpeningCreditBalance>0.0</nl:OpeningCreditBalance>
                <nl:ClosingCreditBalance>0.0</nl:ClosingCreditBalance>
            </nl:Account>
            <nl:Account>
                <nl:AccountID>1238</nl:AccountID>
                <nl:AccountDescription>Busser</nl:AccountDescription>
                <nl:StandardAccountID>12</nl:StandardAccountID>
                <nl:AccountType>GL</nl:AccountType>
                <nl:OpeningDebitBalance>0.0</nl:OpeningDebitBalance>
                <nl:ClosingDebitBalance>0.0</nl:ClosingDebitBalance>
				<nl:OpeningCreditBalance>0.0</nl:OpeningCreditBalance>
                <nl:ClosingCreditBalance>0.0</nl:ClosingCreditBalance>
            </nl:Account>
            <nl:Account>
                <nl:AccountID>1240</nl:AccountID>
                <nl:AccountDescription>Traktorer</nl:AccountDescription>
                <nl:StandardAccountID>12</nl:StandardAccountID>
                <nl:AccountType>GL</nl:AccountType>
                <nl:OpeningDebitBalance>0.0</nl:OpeningDebitBalance>
                <nl:ClosingDebitBalance>0.0</nl:ClosingDebitBalance>
				<nl:OpeningCreditBalance>0.0</nl:OpeningCreditBalance>
                <nl:ClosingCreditBalance>0.0</nl:ClosingCreditBalance>
            </nl:Account>
            <nl:Account>
                <nl:AccountID>1248</nl:AccountID>
                <nl:AccountDescription>Trucker</nl:AccountDescription>
                <nl:StandardAccountID>12</nl:StandardAccountID>
                <nl:AccountType>GL</nl:AccountType>
                <nl:OpeningDebitBalance>0.0</nl:OpeningDebitBalance>
                <nl:ClosingDebitBalance>0.0</nl:ClosingDebitBalance>
				<nl:OpeningCreditBalance>0.0</nl:OpeningCreditBalance>
                <nl:ClosingCreditBalance>0.0</nl:ClosingCreditBalance>
            </nl:Account>
            <nl:Account>
                <nl:AccountID>1249</nl:AccountID>
                <nl:AccountDescription>Andre transportmidler</nl:AccountDescription>
                <nl:StandardAccountID>12</nl:StandardAccountID>
                <nl:AccountType>GL</nl:AccountType>
                <nl:OpeningDebitBalance>0.0</nl:OpeningDebitBalance>
                <nl:ClosingDebitBalance>0.0</nl:ClosingDebitBalance>
				<nl:OpeningCreditBalance>0.0</nl:OpeningCreditBalance>
                <nl:ClosingCreditBalance>0.0</nl:ClosingCreditBalance>
            </nl:Account>
            <nl:Account>
                <nl:AccountID>1250</nl:AccountID>
                <nl:AccountDescription>Inventar</nl:AccountDescription>
                <nl:StandardAccountID>12</nl:StandardAccountID>
                <nl:AccountType>GL</nl:AccountType>
                <nl:OpeningDebitBalance>3254000000</nl:OpeningDebitBalance>
                <nl:ClosingDebitBalance>3729800000‬</nl:ClosingDebitBalance>
				<nl:OpeningCreditBalance>0.0</nl:OpeningCreditBalance>
                <nl:ClosingCreditBalance>0.0</nl:ClosingCreditBalance>
            </nl:Account>
            <nl:Account>
                <nl:AccountID>1260</nl:AccountID>
                <nl:AccountDescription>Fast bygningsinventar, eget bygg</nl:AccountDescription>
                <nl:StandardAccountID>12</nl:StandardAccountID>
                <nl:AccountType>GL</nl:AccountType>
                <nl:OpeningDebitBalance>0.0</nl:OpeningDebitBalance>
                <nl:ClosingDebitBalance>0.0</nl:ClosingDebitBalance>
				<nl:OpeningCreditBalance>0.0</nl:OpeningCreditBalance>
                <nl:ClosingCreditBalance>0.0</nl:ClosingCreditBalance>
            </nl:Account>
            <nl:Account>
                <nl:AccountID>1265</nl:AccountID>
                <nl:AccountDescription>Fast bygningsinventar, leide bygg</nl:AccountDescription>
                <nl:StandardAccountID>12</nl:StandardAccountID>
                <nl:AccountType>GL</nl:AccountType>
                <nl:OpeningDebitBalance>0.0</nl:OpeningDebitBalance>
                <nl:ClosingDebitBalance>0.0</nl:ClosingDebitBalance>
				<nl:OpeningCreditBalance>0.0</nl:OpeningCreditBalance>
                <nl:ClosingCreditBalance>0.0</nl:ClosingCreditBalance>
            </nl:Account>
            <nl:Account>
                <nl:AccountID>1270</nl:AccountID>
                <nl:AccountDescription>Verktøy o.l.</nl:AccountDescription>
                <nl:StandardAccountID>12</nl:StandardAccountID>
                <nl:AccountType>GL</nl:AccountType>
                <nl:OpeningDebitBalance>0.0</nl:OpeningDebitBalance>
                <nl:ClosingDebitBalance>0.0</nl:ClosingDebitBalance>
				<nl:OpeningCreditBalance>0.0</nl:OpeningCreditBalance>
                <nl:ClosingCreditBalance>0.0</nl:ClosingCreditBalance>
            </nl:Account>
            <nl:Account>
                <nl:AccountID>1280</nl:AccountID>
                <nl:AccountDescription>Kontormaskiner</nl:AccountDescription>
                <nl:StandardAccountID>12</nl:StandardAccountID>
                <nl:AccountType>GL</nl:AccountType>
                <nl:OpeningDebitBalance>3254000000</nl:OpeningDebitBalance>
                <nl:ClosingDebitBalance>3729800000‬</nl:ClosingDebitBalance>
				<nl:OpeningCreditBalance>0.0</nl:OpeningCreditBalance>
                <nl:ClosingCreditBalance>0.0</nl:ClosingCreditBalance>
            </nl:Account>
            <nl:Account>
                <nl:AccountID>1290</nl:AccountID>
                <nl:AccountDescription>Andre driftsmidler</nl:AccountDescription>
                <nl:StandardAccountID>12</nl:StandardAccountID>
                <nl:AccountType>GL</nl:AccountType>
                <nl:OpeningDebitBalance>0.0</nl:OpeningDebitBalance>
                <nl:ClosingDebitBalance>0.0</nl:ClosingDebitBalance>
				<nl:OpeningCreditBalance>0.0</nl:OpeningCreditBalance>
                <nl:ClosingCreditBalance>0.0</nl:ClosingCreditBalance>
            </nl:Account>
            <nl:Account>
                <nl:AccountID>1291</nl:AccountID>
                <nl:AccountDescription>Andre driftsmidler, ikke avskrivbare</nl:AccountDescription>
                <nl:StandardAccountID>12</nl:StandardAccountID>
                <nl:AccountType>GL</nl:AccountType>
                <nl:OpeningDebitBalance>0.0</nl:OpeningDebitBalance>
                <nl:ClosingDebitBalance>0.0</nl:ClosingDebitBalance>
				<nl:OpeningCreditBalance>0.0</nl:OpeningCreditBalance>
                <nl:ClosingCreditBalance>0.0</nl:ClosingCreditBalance>
            </nl:Account>
            <nl:Account>
                <nl:AccountID>1300</nl:AccountID>
                <nl:AccountDescription>Investeringer i datterselskap</nl:AccountDescription>
                <nl:StandardAccountID>13</nl:StandardAccountID>
                <nl:AccountType>GL</nl:AccountType>
                <nl:OpeningDebitBalance>192000000</nl:OpeningDebitBalance>
                <nl:ClosingDebitBalance>3268000000</nl:ClosingDebitBalance>
				<nl:OpeningCreditBalance>0.0</nl:OpeningCreditBalance>
                <nl:ClosingCreditBalance>0.0</nl:ClosingCreditBalance>
            </nl:Account>
            <nl:Account>
                <nl:AccountID>1310</nl:AccountID>
                <nl:AccountDescription>Investeringer i annet foretak i samme konsern</nl:AccountDescription>
                <nl:StandardAccountID>13</nl:StandardAccountID>
                <nl:AccountType>GL</nl:AccountType>
                <nl:OpeningDebitBalance>0.0</nl:OpeningDebitBalance>
                <nl:ClosingDebitBalance>0.0</nl:ClosingDebitBalance>
				<nl:OpeningCreditBalance>0.0</nl:OpeningCreditBalance>
                <nl:ClosingCreditBalance>0.0</nl:ClosingCreditBalance>
            </nl:Account>
            <nl:Account>
                <nl:AccountID>1312</nl:AccountID>
                <nl:AccountDescription>Investeringer i deltakerliknede datter- og konsernselskap</nl:AccountDescription>
                <nl:StandardAccountID>13</nl:StandardAccountID>
                <nl:AccountType>GL</nl:AccountType>
                <nl:OpeningDebitBalance>0.0</nl:OpeningDebitBalance>
                <nl:ClosingDebitBalance>0.0</nl:ClosingDebitBalance>
				<nl:OpeningCreditBalance>0.0</nl:OpeningCreditBalance>
                <nl:ClosingCreditBalance>0.0</nl:ClosingCreditBalance>
            </nl:Account>
            <nl:Account>
                <nl:AccountID>1320</nl:AccountID>
                <nl:AccountDescription>Lån til foretak i samme konsern</nl:AccountDescription>
                <nl:StandardAccountID>13</nl:StandardAccountID>
                <nl:AccountType>GL</nl:AccountType>
                <nl:OpeningDebitBalance>0.0</nl:OpeningDebitBalance>
                <nl:ClosingDebitBalance>0.0</nl:ClosingDebitBalance>
				<nl:OpeningCreditBalance>0.0</nl:OpeningCreditBalance>
                <nl:ClosingCreditBalance>0.0</nl:ClosingCreditBalance>
            </nl:Account>
            <nl:Account>
                <nl:AccountID>1330</nl:AccountID>
                <nl:AccountDescription>Investeringer i tilknyttete selskap</nl:AccountDescription>
                <nl:StandardAccountID>13</nl:StandardAccountID>
                <nl:AccountType>GL</nl:AccountType>
                <nl:OpeningDebitBalance>30000000</nl:OpeningDebitBalance>
                <nl:ClosingDebitBalance>24000000</nl:ClosingDebitBalance>
				<nl:OpeningCreditBalance>0.0</nl:OpeningCreditBalance>
                <nl:ClosingCreditBalance>0.0</nl:ClosingCreditBalance>
            </nl:Account>
            <nl:Account>
                <nl:AccountID>1340</nl:AccountID>
                <nl:AccountDescription>Lån til tilknyttet selskap og felles kontrollert virksomhet</nl:AccountDescription>
                <nl:StandardAccountID>13</nl:StandardAccountID>
                <nl:AccountType>GL</nl:AccountType>
                <nl:OpeningDebitBalance>4000000</nl:OpeningDebitBalance>
                <nl:ClosingDebitBalance>4000000</nl:ClosingDebitBalance>
				<nl:OpeningCreditBalance>0.0</nl:OpeningCreditBalance>
                <nl:ClosingCreditBalance>0.0</nl:ClosingCreditBalance>
            </nl:Account>
            <nl:Account>
                <nl:AccountID>1350</nl:AccountID>
                <nl:AccountDescription>Investeringer i aksjer, andeler og verdipapirfondsandeler</nl:AccountDescription>
                <nl:StandardAccountID>13</nl:StandardAccountID>
                <nl:AccountType>GL</nl:AccountType>
                <nl:OpeningDebitBalance>13000000</nl:OpeningDebitBalance>
                <nl:ClosingDebitBalance>13000000</nl:ClosingDebitBalance>
				<nl:OpeningCreditBalance>0.0</nl:OpeningCreditBalance>
                <nl:ClosingCreditBalance>0.0</nl:ClosingCreditBalance>
            </nl:Account>
            <nl:Account>
                <nl:AccountID>1360</nl:AccountID>
                <nl:AccountDescription>Obligasjoner</nl:AccountDescription>
                <nl:StandardAccountID>13</nl:StandardAccountID>
                <nl:AccountType>GL</nl:AccountType>
                <nl:OpeningDebitBalance>0.0</nl:OpeningDebitBalance>
                <nl:ClosingDebitBalance>0.0</nl:ClosingDebitBalance>
				<nl:OpeningCreditBalance>0.0</nl:OpeningCreditBalance>
                <nl:ClosingCreditBalance>0.0</nl:ClosingCreditBalance>
            </nl:Account>
            <nl:Account>
                <nl:AccountID>1370</nl:AccountID>
                <nl:AccountDescription>Fordringer på eiere</nl:AccountDescription>
                <nl:StandardAccountID>13</nl:StandardAccountID>
                <nl:AccountType>GL</nl:AccountType>
                <nl:OpeningDebitBalance>0.0</nl:OpeningDebitBalance>
                <nl:ClosingDebitBalance>0.0</nl:ClosingDebitBalance>
				<nl:OpeningCreditBalance>0.0</nl:OpeningCreditBalance>
                <nl:ClosingCreditBalance>0.0</nl:ClosingCreditBalance>
            </nl:Account>
            <nl:Account>
                <nl:AccountID>1375</nl:AccountID>
                <nl:AccountDescription>Fordringer på styremedlemmer</nl:AccountDescription>
                <nl:StandardAccountID>13</nl:StandardAccountID>
                <nl:AccountType>GL</nl:AccountType>
                <nl:OpeningDebitBalance>0.0</nl:OpeningDebitBalance>
                <nl:ClosingDebitBalance>0.0</nl:ClosingDebitBalance>
				<nl:OpeningCreditBalance>0.0</nl:OpeningCreditBalance>
                <nl:ClosingCreditBalance>0.0</nl:ClosingCreditBalance>
            </nl:Account>
            <nl:Account>
                <nl:AccountID>1380</nl:AccountID>
                <nl:AccountDescription>Fordringer på ansatte</nl:AccountDescription>
                <nl:StandardAccountID>13</nl:StandardAccountID>
                <nl:AccountType>GL</nl:AccountType>
                <nl:OpeningDebitBalance>0.0</nl:OpeningDebitBalance>
                <nl:ClosingDebitBalance>0.0</nl:ClosingDebitBalance>
				<nl:OpeningCreditBalance>0.0</nl:OpeningCreditBalance>
                <nl:ClosingCreditBalance>0.0</nl:ClosingCreditBalance>
            </nl:Account>
            <nl:Account>
                <nl:AccountID>1394</nl:AccountID>
                <nl:AccountDescription>Overfinansiering av pensjonsforpliktelser</nl:AccountDescription>
                <nl:StandardAccountID>13</nl:StandardAccountID>
                <nl:AccountType>GL</nl:AccountType>
                <nl:OpeningDebitBalance>0.0</nl:OpeningDebitBalance>
                <nl:ClosingDebitBalance>309000000</nl:ClosingDebitBalance>
				<nl:OpeningCreditBalance>0.0</nl:OpeningCreditBalance>
                <nl:ClosingCreditBalance>0.0</nl:ClosingCreditBalance>
            </nl:Account>
            <nl:Account>
                <nl:AccountID>1395</nl:AccountID>
                <nl:AccountDescription>Leietakerinnskudd</nl:AccountDescription>
                <nl:StandardAccountID>13</nl:StandardAccountID>
                <nl:AccountType>GL</nl:AccountType>
                <nl:OpeningDebitBalance>0.0</nl:OpeningDebitBalance>
                <nl:ClosingDebitBalance>0.0</nl:ClosingDebitBalance>
				<nl:OpeningCreditBalance>0.0</nl:OpeningCreditBalance>
                <nl:ClosingCreditBalance>0.0</nl:ClosingCreditBalance>
            </nl:Account>
            <nl:Account>
                <nl:AccountID>1396</nl:AccountID>
                <nl:AccountDescription>Depositum</nl:AccountDescription>
                <nl:StandardAccountID>13</nl:StandardAccountID>
                <nl:AccountType>GL</nl:AccountType>
                <nl:OpeningDebitBalance>0.0</nl:OpeningDebitBalance>
                <nl:ClosingDebitBalance>0.0</nl:ClosingDebitBalance>
				<nl:OpeningCreditBalance>0.0</nl:OpeningCreditBalance>
                <nl:ClosingCreditBalance>0.0</nl:ClosingCreditBalance>
            </nl:Account>
            <nl:Account>
                <nl:AccountID>1397</nl:AccountID>
                <nl:AccountDescription>Forskuddsleasing</nl:AccountDescription>
                <nl:StandardAccountID>13</nl:StandardAccountID>
                <nl:AccountType>GL</nl:AccountType>
                <nl:OpeningDebitBalance>0.0</nl:OpeningDebitBalance>
                <nl:ClosingDebitBalance>0.0</nl:ClosingDebitBalance>
				<nl:OpeningCreditBalance>0.0</nl:OpeningCreditBalance>
                <nl:ClosingCreditBalance>0.0</nl:ClosingCreditBalance>
            </nl:Account>
            <nl:Account>
                <nl:AccountID>1398</nl:AccountID>
                <nl:AccountDescription>Påkostning leide driftsmidler</nl:AccountDescription>
                <nl:StandardAccountID>13</nl:StandardAccountID>
                <nl:AccountType>GL</nl:AccountType>
                <nl:OpeningDebitBalance>0.0</nl:OpeningDebitBalance>
                <nl:ClosingDebitBalance>0.0</nl:ClosingDebitBalance>
				<nl:OpeningCreditBalance>0.0</nl:OpeningCreditBalance>
                <nl:ClosingCreditBalance>0.0</nl:ClosingCreditBalance>
            </nl:Account>
            <nl:Account>
                <nl:AccountID>1399</nl:AccountID>
                <nl:AccountDescription>Andre fordringer</nl:AccountDescription>
                <nl:StandardAccountID>13</nl:StandardAccountID>
                <nl:AccountType>GL</nl:AccountType>
                <nl:OpeningDebitBalance>1579000000</nl:OpeningDebitBalance>
                <nl:ClosingDebitBalance>1658000000</nl:ClosingDebitBalance>
				<nl:OpeningCreditBalance>0.0</nl:OpeningCreditBalance>
                <nl:ClosingCreditBalance>0.0</nl:ClosingCreditBalance>
            </nl:Account>
            <nl:Account>
                <nl:AccountID>1400</nl:AccountID>
                <nl:AccountDescription>Råvarer</nl:AccountDescription>
                <nl:StandardAccountID>14</nl:StandardAccountID>
                <nl:AccountType>GL</nl:AccountType>
                <nl:OpeningDebitBalance>101000000</nl:OpeningDebitBalance>
                <nl:ClosingDebitBalance>79500000‬</nl:ClosingDebitBalance>
				<nl:OpeningCreditBalance>0.0</nl:OpeningCreditBalance>
                <nl:ClosingCreditBalance>0.0</nl:ClosingCreditBalance>
            </nl:Account>
            <nl:Account>
                <nl:AccountID>1401</nl:AccountID>
                <nl:AccountDescription>Halvfabrikata</nl:AccountDescription>
                <nl:StandardAccountID>14</nl:StandardAccountID>
                <nl:AccountType>GL</nl:AccountType>
                <nl:OpeningDebitBalance>101000000</nl:OpeningDebitBalance>
                <nl:ClosingDebitBalance>79500000‬</nl:ClosingDebitBalance>
				<nl:OpeningCreditBalance>0.0</nl:OpeningCreditBalance>
                <nl:ClosingCreditBalance>0.0</nl:ClosingCreditBalance>
            </nl:Account>
            <nl:Account>
                <nl:AccountID>1405</nl:AccountID>
                <nl:AccountDescription>Hjelpematerialer</nl:AccountDescription>
                <nl:StandardAccountID>14</nl:StandardAccountID>
                <nl:AccountType>GL</nl:AccountType>
                <nl:OpeningDebitBalance>0.0</nl:OpeningDebitBalance>
                <nl:ClosingDebitBalance>0.0</nl:ClosingDebitBalance>
				<nl:OpeningCreditBalance>0.0</nl:OpeningCreditBalance>
                <nl:ClosingCreditBalance>0.0</nl:ClosingCreditBalance>
            </nl:Account>
            <nl:Account>
                <nl:AccountID>1408</nl:AccountID>
                <nl:AccountDescription>Driftsmaterialer og reservedeler</nl:AccountDescription>
                <nl:StandardAccountID>14</nl:StandardAccountID>
                <nl:AccountType>GL</nl:AccountType>
                <nl:OpeningDebitBalance>101000000</nl:OpeningDebitBalance>
                <nl:ClosingDebitBalance>79500000‬</nl:ClosingDebitBalance>
				<nl:OpeningCreditBalance>0.0</nl:OpeningCreditBalance>
                <nl:ClosingCreditBalance>0.0</nl:ClosingCreditBalance>
            </nl:Account>
            <nl:Account>
                <nl:AccountID>1409</nl:AccountID>
                <nl:AccountDescription>Beholdningsendring</nl:AccountDescription>
                <nl:StandardAccountID>14</nl:StandardAccountID>
                <nl:AccountType>GL</nl:AccountType>
                <nl:OpeningDebitBalance>0.0</nl:OpeningDebitBalance>
                <nl:ClosingDebitBalance>0.0</nl:ClosingDebitBalance>
				<nl:OpeningCreditBalance>0.0</nl:OpeningCreditBalance>
                <nl:ClosingCreditBalance>0.0</nl:ClosingCreditBalance>
            </nl:Account>
            <nl:Account>
                <nl:AccountID>1420</nl:AccountID>
                <nl:AccountDescription>Varer under tilvirkning</nl:AccountDescription>
                <nl:StandardAccountID>14</nl:StandardAccountID>
                <nl:AccountType>GL</nl:AccountType>
                <nl:OpeningDebitBalance>101000000</nl:OpeningDebitBalance>
                <nl:ClosingDebitBalance>79500000‬</nl:ClosingDebitBalance>
				<nl:OpeningCreditBalance>0.0</nl:OpeningCreditBalance>
                <nl:ClosingCreditBalance>0.0</nl:ClosingCreditBalance>
            </nl:Account>
            <nl:Account>
                <nl:AccountID>1429</nl:AccountID>
                <nl:AccountDescription>Beholdningsendring</nl:AccountDescription>
                <nl:StandardAccountID>14</nl:StandardAccountID>
                <nl:AccountType>GL</nl:AccountType>
                <nl:OpeningDebitBalance>0.0</nl:OpeningDebitBalance>
                <nl:ClosingDebitBalance>0.0</nl:ClosingDebitBalance>
				<nl:OpeningCreditBalance>0.0</nl:OpeningCreditBalance>
                <nl:ClosingCreditBalance>0.0</nl:ClosingCreditBalance>
            </nl:Account>
            <nl:Account>
                <nl:AccountID>1440</nl:AccountID>
                <nl:AccountDescription>Ferdig egentilvirkede varer</nl:AccountDescription>
                <nl:StandardAccountID>14</nl:StandardAccountID>
                <nl:AccountType>GL</nl:AccountType>
                <nl:OpeningDebitBalance>0.0</nl:OpeningDebitBalance>
                <nl:ClosingDebitBalance>0.0</nl:ClosingDebitBalance>
				<nl:OpeningCreditBalance>0.0</nl:OpeningCreditBalance>
                <nl:ClosingCreditBalance>0.0</nl:ClosingCreditBalance>
            </nl:Account>
            <nl:Account>
                <nl:AccountID>1449</nl:AccountID>
                <nl:AccountDescription>Beholdningsendring</nl:AccountDescription>
                <nl:StandardAccountID>14</nl:StandardAccountID>
                <nl:AccountType>GL</nl:AccountType>
                <nl:OpeningDebitBalance>0.0</nl:OpeningDebitBalance>
                <nl:ClosingDebitBalance>0.0</nl:ClosingDebitBalance>
				<nl:OpeningCreditBalance>0.0</nl:OpeningCreditBalance>
                <nl:ClosingCreditBalance>0.0</nl:ClosingCreditBalance>
            </nl:Account>
            <nl:Account>
                <nl:AccountID>1460</nl:AccountID>
                <nl:AccountDescription>Innkjøpte varer for videresalg</nl:AccountDescription>
                <nl:StandardAccountID>14</nl:StandardAccountID>
                <nl:AccountType>GL</nl:AccountType>
                <nl:OpeningDebitBalance>0.0</nl:OpeningDebitBalance>
                <nl:ClosingDebitBalance>0.0</nl:ClosingDebitBalance>
				<nl:OpeningCreditBalance>0.0</nl:OpeningCreditBalance>
                <nl:ClosingCreditBalance>0.0</nl:ClosingCreditBalance>
            </nl:Account>
            <nl:Account>
                <nl:AccountID>1465</nl:AccountID>
                <nl:AccountDescription>Demonstrasjonsvarer</nl:AccountDescription>
                <nl:StandardAccountID>14</nl:StandardAccountID>
                <nl:AccountType>GL</nl:AccountType>
                <nl:OpeningDebitBalance>0.0</nl:OpeningDebitBalance>
                <nl:ClosingDebitBalance>0.0</nl:ClosingDebitBalance>
				<nl:OpeningCreditBalance>0.0</nl:OpeningCreditBalance>
                <nl:ClosingCreditBalance>0.0</nl:ClosingCreditBalance>
            </nl:Account>
            <nl:Account>
                <nl:AccountID>1469</nl:AccountID>
                <nl:AccountDescription>Beholdningsendring</nl:AccountDescription>
                <nl:StandardAccountID>14</nl:StandardAccountID>
                <nl:AccountType>GL</nl:AccountType>
                <nl:OpeningDebitBalance>0.0</nl:OpeningDebitBalance>
                <nl:ClosingDebitBalance>0.0</nl:ClosingDebitBalance>
				<nl:OpeningCreditBalance>0.0</nl:OpeningCreditBalance>
                <nl:ClosingCreditBalance>0.0</nl:ClosingCreditBalance>
            </nl:Account>
            <nl:Account>
                <nl:AccountID>1480</nl:AccountID>
                <nl:AccountDescription>Forskuddsbetaling til leverandører</nl:AccountDescription>
                <nl:StandardAccountID>14</nl:StandardAccountID>
                <nl:AccountType>GL</nl:AccountType>
                <nl:OpeningDebitBalance>0.0</nl:OpeningDebitBalance>
                <nl:ClosingDebitBalance>0.0</nl:ClosingDebitBalance>
				<nl:OpeningCreditBalance>0.0</nl:OpeningCreditBalance>
                <nl:ClosingCreditBalance>0.0</nl:ClosingCreditBalance>
            </nl:Account>
            <nl:Account>
                <nl:AccountID>1490</nl:AccountID>
                <nl:AccountDescription>Biologiske eiendeler</nl:AccountDescription>
                <nl:StandardAccountID>14</nl:StandardAccountID>
                <nl:AccountType>GL</nl:AccountType>
                <nl:OpeningDebitBalance>0.0</nl:OpeningDebitBalance>
                <nl:ClosingDebitBalance>0.0</nl:ClosingDebitBalance>
				<nl:OpeningCreditBalance>0.0</nl:OpeningCreditBalance>
                <nl:ClosingCreditBalance>0.0</nl:ClosingCreditBalance>
            </nl:Account>
            <nl:Account>
                <nl:AccountID>1500</nl:AccountID>
                <nl:AccountDescription>Kundefordringer</nl:AccountDescription>
                <nl:StandardAccountID>15</nl:StandardAccountID>
                <nl:AccountType>GL</nl:AccountType>
                <nl:OpeningDebitBalance>3395000000</nl:OpeningDebitBalance>
                <nl:ClosingDebitBalance>4400000000</nl:ClosingDebitBalance>
				<nl:OpeningCreditBalance>0.0</nl:OpeningCreditBalance>
                <nl:ClosingCreditBalance>0.0</nl:ClosingCreditBalance>
            </nl:Account>
            <nl:Account>
                <nl:AccountID>1530</nl:AccountID>
                <nl:AccountDescription>Opptjent, ikke fakturert driftsinntekt</nl:AccountDescription>
                <nl:StandardAccountID>15</nl:StandardAccountID>
                <nl:AccountType>GL</nl:AccountType>
                <nl:OpeningDebitBalance>0.0</nl:OpeningDebitBalance>
                <nl:ClosingDebitBalance>0.0</nl:ClosingDebitBalance>
				<nl:OpeningCreditBalance>0.0</nl:OpeningCreditBalance>
                <nl:ClosingCreditBalance>0.0</nl:ClosingCreditBalance>
            </nl:Account>
            <nl:Account>
                <nl:AccountID>1550</nl:AccountID>
                <nl:AccountDescription>Kundefordringer på selskap i samme konsern</nl:AccountDescription>
                <nl:StandardAccountID>15</nl:StandardAccountID>
                <nl:AccountType>GL</nl:AccountType>
                <nl:OpeningDebitBalance>0.0</nl:OpeningDebitBalance>
                <nl:ClosingDebitBalance>0.0</nl:ClosingDebitBalance>
				<nl:OpeningCreditBalance>0.0</nl:OpeningCreditBalance>
                <nl:ClosingCreditBalance>0.0</nl:ClosingCreditBalance>
            </nl:Account>
            <nl:Account>
                <nl:AccountID>1560</nl:AccountID>
                <nl:AccountDescription>Andre fordringer på selskap i samme konsern</nl:AccountDescription>
                <nl:StandardAccountID>15</nl:StandardAccountID>
                <nl:AccountType>GL</nl:AccountType>
                <nl:OpeningDebitBalance>0.0</nl:OpeningDebitBalance>
                <nl:ClosingDebitBalance>0.0</nl:ClosingDebitBalance>
				<nl:OpeningCreditBalance>0.0</nl:OpeningCreditBalance>
                <nl:ClosingCreditBalance>0.0</nl:ClosingCreditBalance>
            </nl:Account>
            <nl:Account>
                <nl:AccountID>1570</nl:AccountID>
                <nl:AccountDescription>Reiseforskudd</nl:AccountDescription>
                <nl:StandardAccountID>15</nl:StandardAccountID>
                <nl:AccountType>GL</nl:AccountType>
                <nl:OpeningDebitBalance>0.0</nl:OpeningDebitBalance>
                <nl:ClosingDebitBalance>0.0</nl:ClosingDebitBalance>
				<nl:OpeningCreditBalance>0.0</nl:OpeningCreditBalance>
                <nl:ClosingCreditBalance>0.0</nl:ClosingCreditBalance>
            </nl:Account>
            <nl:Account>
                <nl:AccountID>1571</nl:AccountID>
                <nl:AccountDescription>Lønnsforskudd</nl:AccountDescription>
                <nl:StandardAccountID>15</nl:StandardAccountID>
                <nl:AccountType>GL</nl:AccountType>
                <nl:OpeningDebitBalance>0.0</nl:OpeningDebitBalance>
                <nl:ClosingDebitBalance>0.0</nl:ClosingDebitBalance>
				<nl:OpeningCreditBalance>0.0</nl:OpeningCreditBalance>
                <nl:ClosingCreditBalance>0.0</nl:ClosingCreditBalance>
            </nl:Account>
            <nl:Account>
                <nl:AccountID>1572</nl:AccountID>
                <nl:AccountDescription>Andre kortsiktige lån til ansatte</nl:AccountDescription>
                <nl:StandardAccountID>15</nl:StandardAccountID>
                <nl:AccountType>GL</nl:AccountType>
                <nl:OpeningDebitBalance>0.0</nl:OpeningDebitBalance>
                <nl:ClosingDebitBalance>0.0</nl:ClosingDebitBalance>
				<nl:OpeningCreditBalance>0.0</nl:OpeningCreditBalance>
                <nl:ClosingCreditBalance>0.0</nl:ClosingCreditBalance>
            </nl:Account>
            <nl:Account>
                <nl:AccountID>1575</nl:AccountID>
                <nl:AccountDescription>Forskudd refusjon skatt etter skatteloven § 16-50</nl:AccountDescription>
                <nl:StandardAccountID>15</nl:StandardAccountID>
                <nl:AccountType>GL</nl:AccountType>
                <nl:OpeningDebitBalance>0.0</nl:OpeningDebitBalance>
                <nl:ClosingDebitBalance>0.0</nl:ClosingDebitBalance>
				<nl:OpeningCreditBalance>0.0</nl:OpeningCreditBalance>
                <nl:ClosingCreditBalance>0.0</nl:ClosingCreditBalance>
            </nl:Account>
            <nl:Account>
                <nl:AccountID>1576</nl:AccountID>
                <nl:AccountDescription>Kortsiktige fordringer eiere/styremedl. o.l.</nl:AccountDescription>
                <nl:StandardAccountID>15</nl:StandardAccountID>
                <nl:AccountType>GL</nl:AccountType>
                <nl:OpeningDebitBalance>0.0</nl:OpeningDebitBalance>
                <nl:ClosingDebitBalance>0.0</nl:ClosingDebitBalance>
				<nl:OpeningCreditBalance>0.0</nl:OpeningCreditBalance>
                <nl:ClosingCreditBalance>0.0</nl:ClosingCreditBalance>
            </nl:Account>
            <nl:Account>
                <nl:AccountID>1579</nl:AccountID>
                <nl:AccountDescription>Andre kortsiktige fordringer</nl:AccountDescription>
                <nl:StandardAccountID>15</nl:StandardAccountID>
                <nl:AccountType>GL</nl:AccountType>
                <nl:OpeningDebitBalance>1699000000</nl:OpeningDebitBalance>
                <nl:ClosingDebitBalance>1914000000</nl:ClosingDebitBalance>
				<nl:OpeningCreditBalance>0.0</nl:OpeningCreditBalance>
                <nl:ClosingCreditBalance>0.0</nl:ClosingCreditBalance>
            </nl:Account>
            <nl:Account>
                <nl:AccountID>1580</nl:AccountID>
                <nl:AccountDescription>Avsetning tap på kundefordringer</nl:AccountDescription>
                <nl:StandardAccountID>15</nl:StandardAccountID>
                <nl:AccountType>GL</nl:AccountType>
                <nl:OpeningDebitBalance>0.0</nl:OpeningDebitBalance>
                <nl:ClosingDebitBalance>0.0</nl:ClosingDebitBalance>
				<nl:OpeningCreditBalance>400000000</nl:OpeningCreditBalance>
                <nl:ClosingCreditBalance>500000000</nl:ClosingCreditBalance>
            </nl:Account>
            <nl:Account>
                <nl:AccountID>1585</nl:AccountID>
                <nl:AccountDescription>Avsetning tap på andre fordringer</nl:AccountDescription>
                <nl:StandardAccountID>15</nl:StandardAccountID>
                <nl:AccountType>GL</nl:AccountType>
                <nl:OpeningDebitBalance>0.0</nl:OpeningDebitBalance>
                <nl:ClosingDebitBalance>0.0</nl:ClosingDebitBalance>
				<nl:OpeningCreditBalance>0.0</nl:OpeningCreditBalance>
                <nl:ClosingCreditBalance>0.0</nl:ClosingCreditBalance>
            </nl:Account>
            <nl:Account>
                <nl:AccountID>1590</nl:AccountID>
                <nl:AccountDescription>Andre omløpsmidler</nl:AccountDescription>
                <nl:StandardAccountID>15</nl:StandardAccountID>
                <nl:AccountType>GL</nl:AccountType>
                <nl:OpeningDebitBalance>0.0</nl:OpeningDebitBalance>
                <nl:ClosingDebitBalance>0.0</nl:ClosingDebitBalance>
				<nl:OpeningCreditBalance>0.0</nl:OpeningCreditBalance>
                <nl:ClosingCreditBalance>0.0</nl:ClosingCreditBalance>
            </nl:Account>
            <nl:Account>
                <nl:AccountID>1600</nl:AccountID>
                <nl:AccountDescription>Utgående merverdiavgift, høy sats</nl:AccountDescription>
                <nl:StandardAccountID>16</nl:StandardAccountID>
                <nl:AccountType>GL</nl:AccountType>
                <nl:OpeningDebitBalance>0.0</nl:OpeningDebitBalance>
                <nl:ClosingDebitBalance>0.0</nl:ClosingDebitBalance>
				<nl:OpeningCreditBalance>0.0</nl:OpeningCreditBalance>
                <nl:ClosingCreditBalance>0.0</nl:ClosingCreditBalance>
            </nl:Account>
            <nl:Account>
                <nl:AccountID>1601</nl:AccountID>
                <nl:AccountDescription>Utgående merverdiavgift, middels sats</nl:AccountDescription>
                <nl:StandardAccountID>16</nl:StandardAccountID>
                <nl:AccountType>GL</nl:AccountType>
                <nl:OpeningDebitBalance>0.0</nl:OpeningDebitBalance>
                <nl:ClosingDebitBalance>0.0</nl:ClosingDebitBalance>
				<nl:OpeningCreditBalance>0.0</nl:OpeningCreditBalance>
                <nl:ClosingCreditBalance>0.0</nl:ClosingCreditBalance>
            </nl:Account>
            <nl:Account>
                <nl:AccountID>1602</nl:AccountID>
                <nl:AccountDescription>Utgående merverdiavgift, lav sats</nl:AccountDescription>
                <nl:StandardAccountID>16</nl:StandardAccountID>
                <nl:AccountType>GL</nl:AccountType>
                <nl:OpeningDebitBalance>0.0</nl:OpeningDebitBalance>
                <nl:ClosingDebitBalance>0.0</nl:ClosingDebitBalance>
				<nl:OpeningCreditBalance>0.0</nl:OpeningCreditBalance>
                <nl:ClosingCreditBalance>0.0</nl:ClosingCreditBalance>
            </nl:Account>
            <nl:Account>
                <nl:AccountID>1603</nl:AccountID>
                <nl:AccountDescription>Utgående merverdiavgift kjøp av tjenester fra utlandet</nl:AccountDescription>
                <nl:StandardAccountID>16</nl:StandardAccountID>
                <nl:AccountType>GL</nl:AccountType>
                <nl:OpeningDebitBalance>0.0</nl:OpeningDebitBalance>
                <nl:ClosingDebitBalance>0.0</nl:ClosingDebitBalance>
				<nl:OpeningCreditBalance>0.0</nl:OpeningCreditBalance>
                <nl:ClosingCreditBalance>0.0</nl:ClosingCreditBalance>
            </nl:Account>
            <nl:Account>
                <nl:AccountID>1610</nl:AccountID>
                <nl:AccountDescription>Inngående merverdiavgift, høy sats</nl:AccountDescription>
                <nl:StandardAccountID>16</nl:StandardAccountID>
                <nl:AccountType>GL</nl:AccountType>
                <nl:OpeningDebitBalance>0.0</nl:OpeningDebitBalance>
                <nl:ClosingDebitBalance>0.0</nl:ClosingDebitBalance>
				<nl:OpeningCreditBalance>0.0</nl:OpeningCreditBalance>
                <nl:ClosingCreditBalance>0.0</nl:ClosingCreditBalance>
            </nl:Account>
            <nl:Account>
                <nl:AccountID>1611</nl:AccountID>
                <nl:AccountDescription>Inngående merverdiavgift, middels sats</nl:AccountDescription>
                <nl:StandardAccountID>16</nl:StandardAccountID>
                <nl:AccountType>GL</nl:AccountType>
                <nl:OpeningDebitBalance>0.0</nl:OpeningDebitBalance>
                <nl:ClosingDebitBalance>0.0</nl:ClosingDebitBalance>
				<nl:OpeningCreditBalance>0.0</nl:OpeningCreditBalance>
                <nl:ClosingCreditBalance>0.0</nl:ClosingCreditBalance>
            </nl:Account>
            <nl:Account>
                <nl:AccountID>1612</nl:AccountID>
                <nl:AccountDescription>Inngående merverdiavgift, lav sats</nl:AccountDescription>
                <nl:StandardAccountID>16</nl:StandardAccountID>
                <nl:AccountType>GL</nl:AccountType>
                <nl:OpeningDebitBalance>0.0</nl:OpeningDebitBalance>
                <nl:ClosingDebitBalance>0.0</nl:ClosingDebitBalance>
				<nl:OpeningCreditBalance>0.0</nl:OpeningCreditBalance>
                <nl:ClosingCreditBalance>0.0</nl:ClosingCreditBalance>
            </nl:Account>
            <nl:Account>
                <nl:AccountID>1613</nl:AccountID>
                <nl:AccountDescription>Direktepostert inngående merverdiavgift ved innførsel, høy sats</nl:AccountDescription>
                <nl:StandardAccountID>16</nl:StandardAccountID>
                <nl:AccountType>GL</nl:AccountType>
                <nl:OpeningDebitBalance>0.0</nl:OpeningDebitBalance>
                <nl:ClosingDebitBalance>0.0</nl:ClosingDebitBalance>
				<nl:OpeningCreditBalance>0.0</nl:OpeningCreditBalance>
                <nl:ClosingCreditBalance>0.0</nl:ClosingCreditBalance>
            </nl:Account>
            <nl:Account>
                <nl:AccountID>1614</nl:AccountID>
                <nl:AccountDescription>Direktepostert inngående merverdiavgift ved innførsel, middels sats</nl:AccountDescription>
                <nl:StandardAccountID>16</nl:StandardAccountID>
                <nl:AccountType>GL</nl:AccountType>
                <nl:OpeningDebitBalance>0.0</nl:OpeningDebitBalance>
                <nl:ClosingDebitBalance>0.0</nl:ClosingDebitBalance>
				<nl:OpeningCreditBalance>0.0</nl:OpeningCreditBalance>
                <nl:ClosingCreditBalance>0.0</nl:ClosingCreditBalance>
            </nl:Account>
            <nl:Account>
                <nl:AccountID>1640</nl:AccountID>
                <nl:AccountDescription>Oppgjørskonto merverdiavgift</nl:AccountDescription>
                <nl:StandardAccountID>16</nl:StandardAccountID>
                <nl:AccountType>GL</nl:AccountType>
                <nl:OpeningDebitBalance>0.0</nl:OpeningDebitBalance>
                <nl:ClosingDebitBalance>0.0</nl:ClosingDebitBalance>
				<nl:OpeningCreditBalance>0.0</nl:OpeningCreditBalance>
                <nl:ClosingCreditBalance>0.0</nl:ClosingCreditBalance>
            </nl:Account>
            <nl:Account>
                <nl:AccountID>1650</nl:AccountID>
                <nl:AccountDescription>Kompensert merverdiavgift, høy sats</nl:AccountDescription>
                <nl:StandardAccountID>16</nl:StandardAccountID>
                <nl:AccountType>GL</nl:AccountType>
                <nl:OpeningDebitBalance>0.0</nl:OpeningDebitBalance>
                <nl:ClosingDebitBalance>0.0</nl:ClosingDebitBalance>
				<nl:OpeningCreditBalance>0.0</nl:OpeningCreditBalance>
                <nl:ClosingCreditBalance>0.0</nl:ClosingCreditBalance>
            </nl:Account>
            <nl:Account>
                <nl:AccountID>1651</nl:AccountID>
                <nl:AccountDescription>Kompensert merverdiavgift, middels sats</nl:AccountDescription>
                <nl:StandardAccountID>16</nl:StandardAccountID>
                <nl:AccountType>GL</nl:AccountType>
                <nl:OpeningDebitBalance>0.0</nl:OpeningDebitBalance>
                <nl:ClosingDebitBalance>0.0</nl:ClosingDebitBalance>
				<nl:OpeningCreditBalance>0.0</nl:OpeningCreditBalance>
                <nl:ClosingCreditBalance>0.0</nl:ClosingCreditBalance>
            </nl:Account>
            <nl:Account>
                <nl:AccountID>1652</nl:AccountID>
                <nl:AccountDescription>Kompensert merverdiavgift, lav sats</nl:AccountDescription>
                <nl:StandardAccountID>16</nl:StandardAccountID>
                <nl:AccountType>GL</nl:AccountType>
                <nl:OpeningDebitBalance>0.0</nl:OpeningDebitBalance>
                <nl:ClosingDebitBalance>0.0</nl:ClosingDebitBalance>
				<nl:OpeningCreditBalance>0.0</nl:OpeningCreditBalance>
                <nl:ClosingCreditBalance>0.0</nl:ClosingCreditBalance>
            </nl:Account>
            <nl:Account>
                <nl:AccountID>1654</nl:AccountID>
                <nl:AccountDescription>Oppgjørskonto kompensert merverdiavgift</nl:AccountDescription>
                <nl:StandardAccountID>16</nl:StandardAccountID>
                <nl:AccountType>GL</nl:AccountType>
                <nl:OpeningDebitBalance>0.0</nl:OpeningDebitBalance>
                <nl:ClosingDebitBalance>0.0</nl:ClosingDebitBalance>
				<nl:OpeningCreditBalance>0.0</nl:OpeningCreditBalance>
                <nl:ClosingCreditBalance>0.0</nl:ClosingCreditBalance>
            </nl:Account>
            <nl:Account>
                <nl:AccountID>1655</nl:AccountID>
                <nl:AccountDescription>Grunnlag kompensert merverdiavgift, høy sats</nl:AccountDescription>
                <nl:StandardAccountID>16</nl:StandardAccountID>
                <nl:AccountType>GL</nl:AccountType>
                <nl:OpeningDebitBalance>0.0</nl:OpeningDebitBalance>
                <nl:ClosingDebitBalance>0.0</nl:ClosingDebitBalance>
				<nl:OpeningCreditBalance>0.0</nl:OpeningCreditBalance>
                <nl:ClosingCreditBalance>0.0</nl:ClosingCreditBalance>
            </nl:Account>
            <nl:Account>
                <nl:AccountID>1656</nl:AccountID>
                <nl:AccountDescription>Grunnlag kompensert merverdiavgift, middels sats</nl:AccountDescription>
                <nl:StandardAccountID>16</nl:StandardAccountID>
                <nl:AccountType>GL</nl:AccountType>
                <nl:OpeningDebitBalance>0.0</nl:OpeningDebitBalance>
                <nl:ClosingDebitBalance>0.0</nl:ClosingDebitBalance>
				<nl:OpeningCreditBalance>0.0</nl:OpeningCreditBalance>
                <nl:ClosingCreditBalance>0.0</nl:ClosingCreditBalance>
            </nl:Account>
            <nl:Account>
                <nl:AccountID>1657</nl:AccountID>
                <nl:AccountDescription>Grunnlag kompensert merverdiavgift, lav sats</nl:AccountDescription>
                <nl:StandardAccountID>16</nl:StandardAccountID>
                <nl:AccountType>GL</nl:AccountType>
                <nl:OpeningDebitBalance>0.0</nl:OpeningDebitBalance>
                <nl:ClosingDebitBalance>0.0</nl:ClosingDebitBalance>
				<nl:OpeningCreditBalance>0.0</nl:OpeningCreditBalance>
                <nl:ClosingCreditBalance>0.0</nl:ClosingCreditBalance>
            </nl:Account>
            <nl:Account>
                <nl:AccountID>1659</nl:AccountID>
                <nl:AccountDescription>Motkonto grunnlag kompensert merverdiavgift</nl:AccountDescription>
                <nl:StandardAccountID>16</nl:StandardAccountID>
                <nl:AccountType>GL</nl:AccountType>
                <nl:OpeningDebitBalance>0.0</nl:OpeningDebitBalance>
                <nl:ClosingDebitBalance>0.0</nl:ClosingDebitBalance>
				<nl:OpeningCreditBalance>0.0</nl:OpeningCreditBalance>
                <nl:ClosingCreditBalance>0.0</nl:ClosingCreditBalance>
            </nl:Account>
            <nl:Account>
                <nl:AccountID>1670</nl:AccountID>
                <nl:AccountDescription>Krav på offentlige tilskudd</nl:AccountDescription>
                <nl:StandardAccountID>16</nl:StandardAccountID>
                <nl:AccountType>GL</nl:AccountType>
                <nl:OpeningDebitBalance>0.0</nl:OpeningDebitBalance>
                <nl:ClosingDebitBalance>0.0</nl:ClosingDebitBalance>
				<nl:OpeningCreditBalance>0.0</nl:OpeningCreditBalance>
                <nl:ClosingCreditBalance>0.0</nl:ClosingCreditBalance>
            </nl:Account>
            <nl:Account>
                <nl:AccountID>1700</nl:AccountID>
                <nl:AccountDescription>Forskuddsbetalt leiekostnad</nl:AccountDescription>
                <nl:StandardAccountID>17</nl:StandardAccountID>
                <nl:AccountType>GL</nl:AccountType>
                <nl:OpeningDebitBalance>0.0</nl:OpeningDebitBalance>
                <nl:ClosingDebitBalance>0.0</nl:ClosingDebitBalance>
				<nl:OpeningCreditBalance>0.0</nl:OpeningCreditBalance>
                <nl:ClosingCreditBalance>0.0</nl:ClosingCreditBalance>
            </nl:Account>
            <nl:Account>
                <nl:AccountID>1710</nl:AccountID>
                <nl:AccountDescription>Forskuddsbetalt rentekostnad</nl:AccountDescription>
                <nl:StandardAccountID>17</nl:StandardAccountID>
                <nl:AccountType>GL</nl:AccountType>
                <nl:OpeningDebitBalance>0.0</nl:OpeningDebitBalance>
                <nl:ClosingDebitBalance>0.0</nl:ClosingDebitBalance>
				<nl:OpeningCreditBalance>0.0</nl:OpeningCreditBalance>
                <nl:ClosingCreditBalance>0.0</nl:ClosingCreditBalance>
            </nl:Account>
            <nl:Account>
                <nl:AccountID>1720</nl:AccountID>
                <nl:AccountDescription>Andre depositum</nl:AccountDescription>
                <nl:StandardAccountID>17</nl:StandardAccountID>
                <nl:AccountType>GL</nl:AccountType>
                <nl:OpeningDebitBalance>0.0</nl:OpeningDebitBalance>
                <nl:ClosingDebitBalance>0.0</nl:ClosingDebitBalance>
				<nl:OpeningCreditBalance>0.0</nl:OpeningCreditBalance>
                <nl:ClosingCreditBalance>0.0</nl:ClosingCreditBalance>
            </nl:Account>
            <nl:Account>
                <nl:AccountID>1740</nl:AccountID>
                <nl:AccountDescription>Forskuddsbetalt, ikke påløpt lønn</nl:AccountDescription>
                <nl:StandardAccountID>17</nl:StandardAccountID>
                <nl:AccountType>GL</nl:AccountType>
                <nl:OpeningDebitBalance>0.0</nl:OpeningDebitBalance>
                <nl:ClosingDebitBalance>0.0</nl:ClosingDebitBalance>
				<nl:OpeningCreditBalance>0.0</nl:OpeningCreditBalance>
                <nl:ClosingCreditBalance>0.0</nl:ClosingCreditBalance>
            </nl:Account>
            <nl:Account>
                <nl:AccountID>1741</nl:AccountID>
                <nl:AccountDescription>Forskuddsbetalt strøm, varme m.v.</nl:AccountDescription>
                <nl:StandardAccountID>17</nl:StandardAccountID>
                <nl:AccountType>GL</nl:AccountType>
                <nl:OpeningDebitBalance>0.0</nl:OpeningDebitBalance>
                <nl:ClosingDebitBalance>0.0</nl:ClosingDebitBalance>
				<nl:OpeningCreditBalance>0.0</nl:OpeningCreditBalance>
                <nl:ClosingCreditBalance>0.0</nl:ClosingCreditBalance>
            </nl:Account>
            <nl:Account>
                <nl:AccountID>1742</nl:AccountID>
                <nl:AccountDescription>Forskuddsbetalt forsikring</nl:AccountDescription>
                <nl:StandardAccountID>17</nl:StandardAccountID>
                <nl:AccountType>GL</nl:AccountType>
                <nl:OpeningDebitBalance>0.0</nl:OpeningDebitBalance>
                <nl:ClosingDebitBalance>0.0</nl:ClosingDebitBalance>
				<nl:OpeningCreditBalance>0.0</nl:OpeningCreditBalance>
                <nl:ClosingCreditBalance>0.0</nl:ClosingCreditBalance>
            </nl:Account>
            <nl:Account>
                <nl:AccountID>1743</nl:AccountID>
                <nl:AccountDescription>Forskuddsbetalt leasing (kortsiktig)</nl:AccountDescription>
                <nl:StandardAccountID>17</nl:StandardAccountID>
                <nl:AccountType>GL</nl:AccountType>
                <nl:OpeningDebitBalance>0.0</nl:OpeningDebitBalance>
                <nl:ClosingDebitBalance>0.0</nl:ClosingDebitBalance>
				<nl:OpeningCreditBalance>0.0</nl:OpeningCreditBalance>
                <nl:ClosingCreditBalance>0.0</nl:ClosingCreditBalance>
            </nl:Account>
            <nl:Account>
                <nl:AccountID>1749</nl:AccountID>
                <nl:AccountDescription>Andre forskuddsbetalte kostnader</nl:AccountDescription>
                <nl:StandardAccountID>17</nl:StandardAccountID>
                <nl:AccountType>GL</nl:AccountType>
                <nl:OpeningDebitBalance>0.0</nl:OpeningDebitBalance>
                <nl:ClosingDebitBalance>0.0</nl:ClosingDebitBalance>
				<nl:OpeningCreditBalance>0.0</nl:OpeningCreditBalance>
                <nl:ClosingCreditBalance>0.0</nl:ClosingCreditBalance>
            </nl:Account>
            <nl:Account>
                <nl:AccountID>1750</nl:AccountID>
                <nl:AccountDescription>Påløpt leieinntekt</nl:AccountDescription>
                <nl:StandardAccountID>17</nl:StandardAccountID>
                <nl:AccountType>GL</nl:AccountType>
                <nl:OpeningDebitBalance>0.0</nl:OpeningDebitBalance>
                <nl:ClosingDebitBalance>0.0</nl:ClosingDebitBalance>
				<nl:OpeningCreditBalance>0.0</nl:OpeningCreditBalance>
                <nl:ClosingCreditBalance>0.0</nl:ClosingCreditBalance>
            </nl:Account>
            <nl:Account>
                <nl:AccountID>1760</nl:AccountID>
                <nl:AccountDescription>Påløpt renteinntekt</nl:AccountDescription>
                <nl:StandardAccountID>17</nl:StandardAccountID>
                <nl:AccountType>GL</nl:AccountType>
                <nl:OpeningDebitBalance>0.0</nl:OpeningDebitBalance>
                <nl:ClosingDebitBalance>0.0</nl:ClosingDebitBalance>
				<nl:OpeningCreditBalance>0.0</nl:OpeningCreditBalance>
                <nl:ClosingCreditBalance>0.0</nl:ClosingCreditBalance>
            </nl:Account>
            <nl:Account>
                <nl:AccountID>1770</nl:AccountID>
                <nl:AccountDescription>Andre periodiseringer</nl:AccountDescription>
                <nl:StandardAccountID>17</nl:StandardAccountID>
                <nl:AccountType>GL</nl:AccountType>
                <nl:OpeningDebitBalance>0.0</nl:OpeningDebitBalance>
                <nl:ClosingDebitBalance>0.0</nl:ClosingDebitBalance>
				<nl:OpeningCreditBalance>0.0</nl:OpeningCreditBalance>
                <nl:ClosingCreditBalance>0.0</nl:ClosingCreditBalance>
            </nl:Account>
            <nl:Account>
                <nl:AccountID>1780</nl:AccountID>
                <nl:AccountDescription>Krav på innbetaling av selskapskapital</nl:AccountDescription>
                <nl:StandardAccountID>17</nl:StandardAccountID>
                <nl:AccountType>GL</nl:AccountType>
                <nl:OpeningDebitBalance>0.0</nl:OpeningDebitBalance>
                <nl:ClosingDebitBalance>0.0</nl:ClosingDebitBalance>
				<nl:OpeningCreditBalance>0.0</nl:OpeningCreditBalance>
                <nl:ClosingCreditBalance>0.0</nl:ClosingCreditBalance>
            </nl:Account>
            <nl:Account>
                <nl:AccountID>1800</nl:AccountID>
                <nl:AccountDescription>Aksjer og andeler i foretak i samme konsern</nl:AccountDescription>
                <nl:StandardAccountID>18</nl:StandardAccountID>
                <nl:AccountType>GL</nl:AccountType>
                <nl:OpeningDebitBalance>0.0</nl:OpeningDebitBalance>
                <nl:ClosingDebitBalance>0.0</nl:ClosingDebitBalance>
				<nl:OpeningCreditBalance>0.0</nl:OpeningCreditBalance>
                <nl:ClosingCreditBalance>0.0</nl:ClosingCreditBalance>
            </nl:Account>
            <nl:Account>
                <nl:AccountID>1810</nl:AccountID>
                <nl:AccountDescription>Markedsbaserte aksjer og verdipapirfondsandeler</nl:AccountDescription>
                <nl:StandardAccountID>18</nl:StandardAccountID>
                <nl:AccountType>GL</nl:AccountType>
                <nl:OpeningDebitBalance>0.0</nl:OpeningDebitBalance>
                <nl:ClosingDebitBalance>0.0</nl:ClosingDebitBalance>
				<nl:OpeningCreditBalance>0.0</nl:OpeningCreditBalance>
                <nl:ClosingCreditBalance>0.0</nl:ClosingCreditBalance>
            </nl:Account>
            <nl:Account>
                <nl:AccountID>1820</nl:AccountID>
                <nl:AccountDescription>Andre aksjer</nl:AccountDescription>
                <nl:StandardAccountID>18</nl:StandardAccountID>
                <nl:AccountType>GL</nl:AccountType>
                <nl:OpeningDebitBalance>0.0</nl:OpeningDebitBalance>
                <nl:ClosingDebitBalance>0.0</nl:ClosingDebitBalance>
				<nl:OpeningCreditBalance>0.0</nl:OpeningCreditBalance>
                <nl:ClosingCreditBalance>0.0</nl:ClosingCreditBalance>
            </nl:Account>
            <nl:Account>
                <nl:AccountID>1830</nl:AccountID>
                <nl:AccountDescription>Markedsbaserte obligasjoner</nl:AccountDescription>
                <nl:StandardAccountID>18</nl:StandardAccountID>
                <nl:AccountType>GL</nl:AccountType>
                <nl:OpeningDebitBalance>0.0</nl:OpeningDebitBalance>
                <nl:ClosingDebitBalance>0.0</nl:ClosingDebitBalance>
				<nl:OpeningCreditBalance>0.0</nl:OpeningCreditBalance>
                <nl:ClosingCreditBalance>0.0</nl:ClosingCreditBalance>
            </nl:Account>
            <nl:Account>
                <nl:AccountID>1840</nl:AccountID>
                <nl:AccountDescription>Andre obligasjoner</nl:AccountDescription>
                <nl:StandardAccountID>18</nl:StandardAccountID>
                <nl:AccountType>GL</nl:AccountType>
                <nl:OpeningDebitBalance>0.0</nl:OpeningDebitBalance>
                <nl:ClosingDebitBalance>0.0</nl:ClosingDebitBalance>
				<nl:OpeningCreditBalance>0.0</nl:OpeningCreditBalance>
                <nl:ClosingCreditBalance>0.0</nl:ClosingCreditBalance>
            </nl:Account>
            <nl:Account>
                <nl:AccountID>1850</nl:AccountID>
                <nl:AccountDescription>Markedsbaserte obligasjoner med kort løpetid (sertifikater)</nl:AccountDescription>
                <nl:StandardAccountID>18</nl:StandardAccountID>
                <nl:AccountType>GL</nl:AccountType>
                <nl:OpeningDebitBalance>0.0</nl:OpeningDebitBalance>
                <nl:ClosingDebitBalance>0.0</nl:ClosingDebitBalance>
				<nl:OpeningCreditBalance>0.0</nl:OpeningCreditBalance>
                <nl:ClosingCreditBalance>0.0</nl:ClosingCreditBalance>
            </nl:Account>
            <nl:Account>
                <nl:AccountID>1860</nl:AccountID>
                <nl:AccountDescription>Andre obligasjoner med kort løpetid (sertifikater)</nl:AccountDescription>
                <nl:StandardAccountID>18</nl:StandardAccountID>
                <nl:AccountType>GL</nl:AccountType>
                <nl:OpeningDebitBalance>0.0</nl:OpeningDebitBalance>
                <nl:ClosingDebitBalance>0.0</nl:ClosingDebitBalance>
				<nl:OpeningCreditBalance>0.0</nl:OpeningCreditBalance>
                <nl:ClosingCreditBalance>0.0</nl:ClosingCreditBalance>
            </nl:Account>
            <nl:Account>
                <nl:AccountID>1870</nl:AccountID>
                <nl:AccountDescription>Andre markedsbaserte finansielle instrumenter</nl:AccountDescription>
                <nl:StandardAccountID>18</nl:StandardAccountID>
                <nl:AccountType>GL</nl:AccountType>
                <nl:OpeningDebitBalance>0.0</nl:OpeningDebitBalance>
                <nl:ClosingDebitBalance>0.0</nl:ClosingDebitBalance>
				<nl:OpeningCreditBalance>0.0</nl:OpeningCreditBalance>
                <nl:ClosingCreditBalance>0.0</nl:ClosingCreditBalance>
            </nl:Account>
            <nl:Account>
                <nl:AccountID>1880</nl:AccountID>
                <nl:AccountDescription>Andre finansielle instrumenter</nl:AccountDescription>
                <nl:StandardAccountID>18</nl:StandardAccountID>
                <nl:AccountType>GL</nl:AccountType>
                <nl:OpeningDebitBalance>0.0</nl:OpeningDebitBalance>
                <nl:ClosingDebitBalance>0.0</nl:ClosingDebitBalance>
				<nl:OpeningCreditBalance>0.0</nl:OpeningCreditBalance>
                <nl:ClosingCreditBalance>0.0</nl:ClosingCreditBalance>
            </nl:Account>
            <nl:Account>
                <nl:AccountID>1900</nl:AccountID>
                <nl:AccountDescription>Kontanter NOK</nl:AccountDescription>
                <nl:StandardAccountID>19</nl:StandardAccountID>
                <nl:AccountType>GL</nl:AccountType>
                <nl:OpeningDebitBalance>1654000000‬</nl:OpeningDebitBalance>
                <nl:ClosingDebitBalance>28000000</nl:ClosingDebitBalance>
				<nl:OpeningCreditBalance>0.0</nl:OpeningCreditBalance>
                <nl:ClosingCreditBalance>0.0</nl:ClosingCreditBalance>
            </nl:Account>
            <nl:Account>
                <nl:AccountID>1908</nl:AccountID>
                <nl:AccountDescription>Kontanter annen valuta</nl:AccountDescription>
                <nl:StandardAccountID>19</nl:StandardAccountID>
                <nl:AccountType>GL</nl:AccountType>
                <nl:OpeningDebitBalance>0.0</nl:OpeningDebitBalance>
                <nl:ClosingDebitBalance>0.0</nl:ClosingDebitBalance>
				<nl:OpeningCreditBalance>0.0</nl:OpeningCreditBalance>
                <nl:ClosingCreditBalance>0.0</nl:ClosingCreditBalance>
            </nl:Account>
            <nl:Account>
                <nl:AccountID>1909</nl:AccountID>
                <nl:AccountDescription>Kassedifferanser</nl:AccountDescription>
                <nl:StandardAccountID>19</nl:StandardAccountID>
                <nl:AccountType>GL</nl:AccountType>
                <nl:OpeningDebitBalance>0.0</nl:OpeningDebitBalance>
                <nl:ClosingDebitBalance>0.0</nl:ClosingDebitBalance>
				<nl:OpeningCreditBalance>0.0</nl:OpeningCreditBalance>
                <nl:ClosingCreditBalance>0.0</nl:ClosingCreditBalance>
            </nl:Account>
            <nl:Account>
                <nl:AccountID>1920</nl:AccountID>
                <nl:AccountDescription>Bankinnskudd</nl:AccountDescription>
                <nl:StandardAccountID>19</nl:StandardAccountID>
                <nl:AccountType>GL</nl:AccountType>
                <nl:OpeningDebitBalance>1654000000‬</nl:OpeningDebitBalance>
                <nl:ClosingDebitBalance>28000000</nl:ClosingDebitBalance>
				<nl:OpeningCreditBalance>0.0</nl:OpeningCreditBalance>
                <nl:ClosingCreditBalance>0.0</nl:ClosingCreditBalance>
            </nl:Account>
            <nl:Account>
                <nl:AccountID>1940</nl:AccountID>
                <nl:AccountDescription>Bankinnskudd utland</nl:AccountDescription>
                <nl:StandardAccountID>19</nl:StandardAccountID>
                <nl:AccountType>GL</nl:AccountType>
                <nl:OpeningDebitBalance>0.0</nl:OpeningDebitBalance>
                <nl:ClosingDebitBalance>0.0</nl:ClosingDebitBalance>
				<nl:OpeningCreditBalance>0.0</nl:OpeningCreditBalance>
                <nl:ClosingCreditBalance>0.0</nl:ClosingCreditBalance>
            </nl:Account>
            <nl:Account>
                <nl:AccountID>1950</nl:AccountID>
                <nl:AccountDescription>Bankinnskudd for skattetrekk</nl:AccountDescription>
                <nl:StandardAccountID>19</nl:StandardAccountID>
                <nl:AccountType>GL</nl:AccountType>
                <nl:OpeningDebitBalance>0.0</nl:OpeningDebitBalance>
                <nl:ClosingDebitBalance>0.0</nl:ClosingDebitBalance>
				<nl:OpeningCreditBalance>0.0</nl:OpeningCreditBalance>
                <nl:ClosingCreditBalance>0.0</nl:ClosingCreditBalance>
            </nl:Account>
            <nl:Account>
                <nl:AccountID>2000</nl:AccountID>
                <nl:AccountDescription>Aksjekapital</nl:AccountDescription>
                <nl:StandardAccountID>20</nl:StandardAccountID>
                <nl:AccountType>GL</nl:AccountType>
                <nl:OpeningDebitBalance>0.0</nl:OpeningDebitBalance>
                <nl:ClosingDebitBalance>0.0</nl:ClosingDebitBalance>
				<nl:OpeningCreditBalance>4322000000</nl:OpeningCreditBalance>
                <nl:ClosingCreditBalance>4322000000</nl:ClosingCreditBalance>
            </nl:Account>
            <nl:Account>
                <nl:AccountID>2010</nl:AccountID>
                <nl:AccountDescription>Egne aksjer</nl:AccountDescription>
                <nl:StandardAccountID>20</nl:StandardAccountID>
                <nl:AccountType>GL</nl:AccountType>
                <nl:OpeningDebitBalance>0.0</nl:OpeningDebitBalance>
                <nl:ClosingDebitBalance>0.0</nl:ClosingDebitBalance>
				<nl:OpeningCreditBalance>0.0</nl:OpeningCreditBalance>
                <nl:ClosingCreditBalance>0.0</nl:ClosingCreditBalance>
            </nl:Account>
            <nl:Account>
                <nl:AccountID>2020</nl:AccountID>
                <nl:AccountDescription>Overkurs</nl:AccountDescription>
                <nl:StandardAccountID>20</nl:StandardAccountID>
                <nl:AccountType>GL</nl:AccountType>
                <nl:OpeningDebitBalance>0.0</nl:OpeningDebitBalance>
                <nl:ClosingDebitBalance>0.0</nl:ClosingDebitBalance>
				<nl:OpeningCreditBalance>1564000000</nl:OpeningCreditBalance>
                <nl:ClosingCreditBalance>1640000000</nl:ClosingCreditBalance>
            </nl:Account>
            <nl:Account>
                <nl:AccountID>2025</nl:AccountID>
                <nl:AccountDescription>Ikke registrert kapitalforhøyelse/kapitalnedsettelse</nl:AccountDescription>
                <nl:StandardAccountID>20</nl:StandardAccountID>
                <nl:AccountType>GL</nl:AccountType>
                <nl:OpeningDebitBalance>0.0</nl:OpeningDebitBalance>
                <nl:ClosingDebitBalance>0.0</nl:ClosingDebitBalance>
				<nl:OpeningCreditBalance>0.0</nl:OpeningCreditBalance>
                <nl:ClosingCreditBalance>0.0</nl:ClosingCreditBalance>
            </nl:Account>
            <nl:Account>
                <nl:AccountID>2030</nl:AccountID>
                <nl:AccountDescription>Annen innskutt egenkapital</nl:AccountDescription>
                <nl:StandardAccountID>20</nl:StandardAccountID>
                <nl:AccountType>GL</nl:AccountType>
                <nl:OpeningDebitBalance>0.0</nl:OpeningDebitBalance>
                <nl:ClosingDebitBalance>0.0</nl:ClosingDebitBalance>
				<nl:OpeningCreditBalance>0.0</nl:OpeningCreditBalance>
                <nl:ClosingCreditBalance>0.0</nl:ClosingCreditBalance>
            </nl:Account>
            <nl:Account>
                <nl:AccountID>2041</nl:AccountID>
                <nl:AccountDescription>Fond for vurderingsforskjeller</nl:AccountDescription>
                <nl:StandardAccountID>20</nl:StandardAccountID>
                <nl:AccountType>GL</nl:AccountType>
                <nl:OpeningDebitBalance>0.0</nl:OpeningDebitBalance>
                <nl:ClosingDebitBalance>0.0</nl:ClosingDebitBalance>
				<nl:OpeningCreditBalance>0.0</nl:OpeningCreditBalance>
                <nl:ClosingCreditBalance>0.0</nl:ClosingCreditBalance>
            </nl:Account>
            <nl:Account>
                <nl:AccountID>2042</nl:AccountID>
                <nl:AccountDescription>Fond for vurderingsforskjeller i deltakerlignende selskap</nl:AccountDescription>
                <nl:StandardAccountID>20</nl:StandardAccountID>
                <nl:AccountType>GL</nl:AccountType>
                <nl:OpeningDebitBalance>0.0</nl:OpeningDebitBalance>
                <nl:ClosingDebitBalance>0.0</nl:ClosingDebitBalance>
				<nl:OpeningCreditBalance>0.0</nl:OpeningCreditBalance>
                <nl:ClosingCreditBalance>0.0</nl:ClosingCreditBalance>
            </nl:Account>
            <nl:Account>
                <nl:AccountID>2045</nl:AccountID>
                <nl:AccountDescription>Fond for verdiendringer i andre selskap</nl:AccountDescription>
                <nl:StandardAccountID>20</nl:StandardAccountID>
                <nl:AccountType>GL</nl:AccountType>
                <nl:OpeningDebitBalance>0.0</nl:OpeningDebitBalance>
                <nl:ClosingDebitBalance>0.0</nl:ClosingDebitBalance>
				<nl:OpeningCreditBalance>0.0</nl:OpeningCreditBalance>
                <nl:ClosingCreditBalance>0.0</nl:ClosingCreditBalance>
            </nl:Account>
            <nl:Account>
                <nl:AccountID>2050</nl:AccountID>
                <nl:AccountDescription>Annen egenkapital</nl:AccountDescription>
                <nl:StandardAccountID>20</nl:StandardAccountID>
                <nl:AccountType>GL</nl:AccountType>
                <nl:OpeningDebitBalance>0.0</nl:OpeningDebitBalance>
                <nl:ClosingDebitBalance>0.0</nl:ClosingDebitBalance>
				<nl:OpeningCreditBalance>2195000000</nl:OpeningCreditBalance>
                <nl:ClosingCreditBalance>2523000000 </nl:ClosingCreditBalance>
            </nl:Account>
            <nl:Account>
                <nl:AccountID>2051</nl:AccountID>
                <nl:AccountDescription>Ikke fradragsberettigede representasjonskostnader</nl:AccountDescription>
                <nl:StandardAccountID>20</nl:StandardAccountID>
                <nl:AccountType>GL</nl:AccountType>
                <nl:OpeningDebitBalance>0.0</nl:OpeningDebitBalance>
                <nl:ClosingDebitBalance>0.0</nl:ClosingDebitBalance>
				<nl:OpeningCreditBalance>0.0</nl:OpeningCreditBalance>
                <nl:ClosingCreditBalance>0.0</nl:ClosingCreditBalance>
            </nl:Account>
            <nl:Account>
                <nl:AccountID>2052</nl:AccountID>
                <nl:AccountDescription>Ikke fradragsberettigede kontigenter/gaver</nl:AccountDescription>
                <nl:StandardAccountID>20</nl:StandardAccountID>
                <nl:AccountType>GL</nl:AccountType>
                <nl:OpeningDebitBalance>0.0</nl:OpeningDebitBalance>
                <nl:ClosingDebitBalance>0.0</nl:ClosingDebitBalance>
				<nl:OpeningCreditBalance>0.0</nl:OpeningCreditBalance>
                <nl:ClosingCreditBalance>0.0</nl:ClosingCreditBalance>
            </nl:Account>
            <nl:Account>
                <nl:AccountID>2053</nl:AccountID>
                <nl:AccountDescription>Andre ikke fradragsberettigede kostnader</nl:AccountDescription>
                <nl:StandardAccountID>20</nl:StandardAccountID>
                <nl:AccountType>GL</nl:AccountType>
                <nl:OpeningDebitBalance>0.0</nl:OpeningDebitBalance>
                <nl:ClosingDebitBalance>0.0</nl:ClosingDebitBalance>
				<nl:OpeningCreditBalance>0.0</nl:OpeningCreditBalance>
                <nl:ClosingCreditBalance>0.0</nl:ClosingCreditBalance>
            </nl:Account>
            <nl:Account>
                <nl:AccountID>2054</nl:AccountID>
                <nl:AccountDescription>Skattefrie inntekter</nl:AccountDescription>
                <nl:StandardAccountID>20</nl:StandardAccountID>
                <nl:AccountType>GL</nl:AccountType>
                <nl:OpeningDebitBalance>0.0</nl:OpeningDebitBalance>
                <nl:ClosingDebitBalance>0.0</nl:ClosingDebitBalance>
				<nl:OpeningCreditBalance>0.0</nl:OpeningCreditBalance>
                <nl:ClosingCreditBalance>0.0</nl:ClosingCreditBalance>
            </nl:Account>
            <nl:Account>
                <nl:AccountID>2055</nl:AccountID>
                <nl:AccountDescription>Innskudd kontanter</nl:AccountDescription>
                <nl:StandardAccountID>20</nl:StandardAccountID>
                <nl:AccountType>GL</nl:AccountType>
                <nl:OpeningDebitBalance>0.0</nl:OpeningDebitBalance>
                <nl:ClosingDebitBalance>0.0</nl:ClosingDebitBalance>
				<nl:OpeningCreditBalance>0.0</nl:OpeningCreditBalance>
                <nl:ClosingCreditBalance>0.0</nl:ClosingCreditBalance>
            </nl:Account>
            <nl:Account>
                <nl:AccountID>2056</nl:AccountID>
                <nl:AccountDescription>Innskudd andre eiendeler</nl:AccountDescription>
                <nl:StandardAccountID>20</nl:StandardAccountID>
                <nl:AccountType>GL</nl:AccountType>
                <nl:OpeningDebitBalance>0.0</nl:OpeningDebitBalance>
                <nl:ClosingDebitBalance>0.0</nl:ClosingDebitBalance>
				<nl:OpeningCreditBalance>0.0</nl:OpeningCreditBalance>
                <nl:ClosingCreditBalance>0.0</nl:ClosingCreditBalance>
            </nl:Account>
            <nl:Account>
                <nl:AccountID>2057</nl:AccountID>
                <nl:AccountDescription>Fradragsført bruk av privat bil etter sats</nl:AccountDescription>
                <nl:StandardAccountID>20</nl:StandardAccountID>
                <nl:AccountType>GL</nl:AccountType>
                <nl:OpeningDebitBalance>0.0</nl:OpeningDebitBalance>
                <nl:ClosingDebitBalance>0.0</nl:ClosingDebitBalance>
				<nl:OpeningCreditBalance>0.0</nl:OpeningCreditBalance>
                <nl:ClosingCreditBalance>0.0</nl:ClosingCreditBalance>
            </nl:Account>
            <nl:Account>
                <nl:AccountID>2058</nl:AccountID>
                <nl:AccountDescription>Øvrige egenkapitalkorreksjoner</nl:AccountDescription>
                <nl:StandardAccountID>20</nl:StandardAccountID>
                <nl:AccountType>GL</nl:AccountType>
                <nl:OpeningDebitBalance>0.0</nl:OpeningDebitBalance>
                <nl:ClosingDebitBalance>0.0</nl:ClosingDebitBalance>
				<nl:OpeningCreditBalance>247000000</nl:OpeningCreditBalance>
                <nl:ClosingCreditBalance>765000000</nl:ClosingCreditBalance>
            </nl:Account>
            <nl:Account>
                <nl:AccountID>2061</nl:AccountID>
                <nl:AccountDescription>Kontantuttak</nl:AccountDescription>
                <nl:StandardAccountID>20</nl:StandardAccountID>
                <nl:AccountType>GL</nl:AccountType>
                <nl:OpeningDebitBalance>0.0</nl:OpeningDebitBalance>
                <nl:ClosingDebitBalance>0.0</nl:ClosingDebitBalance>
				<nl:OpeningCreditBalance>0.0</nl:OpeningCreditBalance>
                <nl:ClosingCreditBalance>0.0</nl:ClosingCreditBalance>
            </nl:Account>
            <nl:Account>
                <nl:AccountID>2063</nl:AccountID>
                <nl:AccountDescription>Uttak av driftsmidler</nl:AccountDescription>
                <nl:StandardAccountID>20</nl:StandardAccountID>
                <nl:AccountType>GL</nl:AccountType>
                <nl:OpeningDebitBalance>0.0</nl:OpeningDebitBalance>
                <nl:ClosingDebitBalance>0.0</nl:ClosingDebitBalance>
				<nl:OpeningCreditBalance>0.0</nl:OpeningCreditBalance>
                <nl:ClosingCreditBalance>0.0</nl:ClosingCreditBalance>
            </nl:Account>
            <nl:Account>
                <nl:AccountID>2064</nl:AccountID>
                <nl:AccountDescription>Uttak av varer og tjenester</nl:AccountDescription>
                <nl:StandardAccountID>20</nl:StandardAccountID>
                <nl:AccountType>GL</nl:AccountType>
                <nl:OpeningDebitBalance>0.0</nl:OpeningDebitBalance>
                <nl:ClosingDebitBalance>0.0</nl:ClosingDebitBalance>
				<nl:OpeningCreditBalance>0.0</nl:OpeningCreditBalance>
                <nl:ClosingCreditBalance>0.0</nl:ClosingCreditBalance>
            </nl:Account>
            <nl:Account>
                <nl:AccountID>2065</nl:AccountID>
                <nl:AccountDescription>Egen bolig i næringsbygg</nl:AccountDescription>
                <nl:StandardAccountID>20</nl:StandardAccountID>
                <nl:AccountType>GL</nl:AccountType>
                <nl:OpeningDebitBalance>0.0</nl:OpeningDebitBalance>
                <nl:ClosingDebitBalance>0.0</nl:ClosingDebitBalance>
				<nl:OpeningCreditBalance>0.0</nl:OpeningCreditBalance>
                <nl:ClosingCreditBalance>0.0</nl:ClosingCreditBalance>
            </nl:Account>
            <nl:Account>
                <nl:AccountID>2067</nl:AccountID>
                <nl:AccountDescription>Lys og varme privat</nl:AccountDescription>
                <nl:StandardAccountID>20</nl:StandardAccountID>
                <nl:AccountType>GL</nl:AccountType>
                <nl:OpeningDebitBalance>0.0</nl:OpeningDebitBalance>
                <nl:ClosingDebitBalance>0.0</nl:ClosingDebitBalance>
				<nl:OpeningCreditBalance>0.0</nl:OpeningCreditBalance>
                <nl:ClosingCreditBalance>0.0</nl:ClosingCreditBalance>
            </nl:Account>
            <nl:Account>
                <nl:AccountID>2068</nl:AccountID>
                <nl:AccountDescription>Private kostnader til elektronisk kommunikasjon</nl:AccountDescription>
                <nl:StandardAccountID>20</nl:StandardAccountID>
                <nl:AccountType>GL</nl:AccountType>
                <nl:OpeningDebitBalance>0.0</nl:OpeningDebitBalance>
                <nl:ClosingDebitBalance>0.0</nl:ClosingDebitBalance>
				<nl:OpeningCreditBalance>0.0</nl:OpeningCreditBalance>
                <nl:ClosingCreditBalance>0.0</nl:ClosingCreditBalance>
            </nl:Account>
            <nl:Account>
                <nl:AccountID>2069</nl:AccountID>
                <nl:AccountDescription>Diverse andre private kostnader</nl:AccountDescription>
                <nl:StandardAccountID>20</nl:StandardAccountID>
                <nl:AccountType>GL</nl:AccountType>
                <nl:OpeningDebitBalance>0.0</nl:OpeningDebitBalance>
                <nl:ClosingDebitBalance>0.0</nl:ClosingDebitBalance>
				<nl:OpeningCreditBalance>0.0</nl:OpeningCreditBalance>
                <nl:ClosingCreditBalance>0.0</nl:ClosingCreditBalance>
            </nl:Account>
            <nl:Account>
                <nl:AccountID>2072</nl:AccountID>
                <nl:AccountDescription>Skatter</nl:AccountDescription>
                <nl:StandardAccountID>20</nl:StandardAccountID>
                <nl:AccountType>GL</nl:AccountType>
                <nl:OpeningDebitBalance>0.0</nl:OpeningDebitBalance>
                <nl:ClosingDebitBalance>0.0</nl:ClosingDebitBalance>
				<nl:OpeningCreditBalance>0.0</nl:OpeningCreditBalance>
                <nl:ClosingCreditBalance>0.0</nl:ClosingCreditBalance>
            </nl:Account>
            <nl:Account>
                <nl:AccountID>2075</nl:AccountID>
                <nl:AccountDescription>Privat bruk av næringsbil</nl:AccountDescription>
                <nl:StandardAccountID>20</nl:StandardAccountID>
                <nl:AccountType>GL</nl:AccountType>
                <nl:OpeningDebitBalance>0.0</nl:OpeningDebitBalance>
                <nl:ClosingDebitBalance>0.0</nl:ClosingDebitBalance>
				<nl:OpeningCreditBalance>0.0</nl:OpeningCreditBalance>
                <nl:ClosingCreditBalance>0.0</nl:ClosingCreditBalance>
            </nl:Account>
            <nl:Account>
                <nl:AccountID>2077</nl:AccountID>
                <nl:AccountDescription>Premie til egen syke- og ulykkesforsikring</nl:AccountDescription>
                <nl:StandardAccountID>20</nl:StandardAccountID>
                <nl:AccountType>GL</nl:AccountType>
                <nl:OpeningDebitBalance>0.0</nl:OpeningDebitBalance>
                <nl:ClosingDebitBalance>0.0</nl:ClosingDebitBalance>
				<nl:OpeningCreditBalance>0.0</nl:OpeningCreditBalance>
                <nl:ClosingCreditBalance>0.0</nl:ClosingCreditBalance>
            </nl:Account>
            <nl:Account>
                <nl:AccountID>2078</nl:AccountID>
                <nl:AccountDescription>Premie til tilleggstrygd for sykepenger</nl:AccountDescription>
                <nl:StandardAccountID>20</nl:StandardAccountID>
                <nl:AccountType>GL</nl:AccountType>
                <nl:OpeningDebitBalance>0.0</nl:OpeningDebitBalance>
                <nl:ClosingDebitBalance>0.0</nl:ClosingDebitBalance>
				<nl:OpeningCreditBalance>0.0</nl:OpeningCreditBalance>
                <nl:ClosingCreditBalance>0.0</nl:ClosingCreditBalance>
            </nl:Account>
            <nl:Account>
                <nl:AccountID>2080</nl:AccountID>
                <nl:AccountDescription>Udekket tap</nl:AccountDescription>
                <nl:StandardAccountID>20</nl:StandardAccountID>
                <nl:AccountType>GL</nl:AccountType>
                <nl:OpeningDebitBalance>0.0</nl:OpeningDebitBalance>
                <nl:ClosingDebitBalance>0.0</nl:ClosingDebitBalance>
				<nl:OpeningCreditBalance>0.0</nl:OpeningCreditBalance>
                <nl:ClosingCreditBalance>0.0</nl:ClosingCreditBalance>
            </nl:Account>
            <nl:Account>
                <nl:AccountID>2099</nl:AccountID>
                <nl:AccountDescription>Overføringer annen egenkapital</nl:AccountDescription>
                <nl:StandardAccountID>20</nl:StandardAccountID>
                <nl:AccountType>GL</nl:AccountType>
                <nl:OpeningDebitBalance>0.0</nl:OpeningDebitBalance>
                <nl:ClosingDebitBalance>0.0</nl:ClosingDebitBalance>
				<nl:OpeningCreditBalance>0.0</nl:OpeningCreditBalance>
                <nl:ClosingCreditBalance>0.0</nl:ClosingCreditBalance>
            </nl:Account>
            <nl:Account>
                <nl:AccountID>2100</nl:AccountID>
                <nl:AccountDescription>Pensjonsforpliktelser</nl:AccountDescription>
                <nl:StandardAccountID>21</nl:StandardAccountID>
                <nl:AccountType>GL</nl:AccountType>
                <nl:OpeningDebitBalance>0.0</nl:OpeningDebitBalance>
                <nl:ClosingDebitBalance>0.0</nl:ClosingDebitBalance>
				<nl:OpeningCreditBalance>641000000</nl:OpeningCreditBalance>
                <nl:ClosingCreditBalance>140000000</nl:ClosingCreditBalance>
            </nl:Account>
            <nl:Account>
                <nl:AccountID>2120</nl:AccountID>
                <nl:AccountDescription>Utsatt skatt</nl:AccountDescription>
                <nl:StandardAccountID>21</nl:StandardAccountID>
                <nl:AccountType>GL</nl:AccountType>
                <nl:OpeningDebitBalance>0.0</nl:OpeningDebitBalance>
                <nl:ClosingDebitBalance>0.0</nl:ClosingDebitBalance>
				<nl:OpeningCreditBalance>49000000</nl:OpeningCreditBalance>
                <nl:ClosingCreditBalance>180000000</nl:ClosingCreditBalance>
            </nl:Account>
            <nl:Account>
                <nl:AccountID>2160</nl:AccountID>
                <nl:AccountDescription>Uopptjent inntekt</nl:AccountDescription>
                <nl:StandardAccountID>21</nl:StandardAccountID>
                <nl:AccountType>GL</nl:AccountType>
                <nl:OpeningDebitBalance>0.0</nl:OpeningDebitBalance>
                <nl:ClosingDebitBalance>0.0</nl:ClosingDebitBalance>
				<nl:OpeningCreditBalance>0.0</nl:OpeningCreditBalance>
                <nl:ClosingCreditBalance>0.0</nl:ClosingCreditBalance>
            </nl:Account>
            <nl:Account>
                <nl:AccountID>2180</nl:AccountID>
                <nl:AccountDescription>Andre avsetninger for forpliktelser</nl:AccountDescription>
                <nl:StandardAccountID>21</nl:StandardAccountID>
                <nl:AccountType>GL</nl:AccountType>
                <nl:OpeningDebitBalance>0.0</nl:OpeningDebitBalance>
                <nl:ClosingDebitBalance>0.0</nl:ClosingDebitBalance>
				<nl:OpeningCreditBalance>2956000000</nl:OpeningCreditBalance>
                <nl:ClosingCreditBalance>4561000000</nl:ClosingCreditBalance>
            </nl:Account>
            <nl:Account>
                <nl:AccountID>2200</nl:AccountID>
                <nl:AccountDescription>Konvertible lån</nl:AccountDescription>
                <nl:StandardAccountID>22</nl:StandardAccountID>
                <nl:AccountType>GL</nl:AccountType>
                <nl:OpeningDebitBalance>0.0</nl:OpeningDebitBalance>
                <nl:ClosingDebitBalance>0.0</nl:ClosingDebitBalance>
				<nl:OpeningCreditBalance>0.0</nl:OpeningCreditBalance>
                <nl:ClosingCreditBalance>0.0</nl:ClosingCreditBalance>
            </nl:Account>
            <nl:Account>
                <nl:AccountID>2210</nl:AccountID>
                <nl:AccountDescription>Obligasjonslån</nl:AccountDescription>
                <nl:StandardAccountID>22</nl:StandardAccountID>
                <nl:AccountType>GL</nl:AccountType>
                <nl:OpeningDebitBalance>0.0</nl:OpeningDebitBalance>
                <nl:ClosingDebitBalance>0.0</nl:ClosingDebitBalance>
				<nl:OpeningCreditBalance>0.0</nl:OpeningCreditBalance>
                <nl:ClosingCreditBalance>0.0</nl:ClosingCreditBalance>
            </nl:Account>
            <nl:Account>
                <nl:AccountID>2220</nl:AccountID>
                <nl:AccountDescription>Gjeld til kredittinstitusjoner</nl:AccountDescription>
                <nl:StandardAccountID>22</nl:StandardAccountID>
                <nl:AccountType>GL</nl:AccountType>
                <nl:OpeningDebitBalance>0.0</nl:OpeningDebitBalance>
                <nl:ClosingDebitBalance>0.0</nl:ClosingDebitBalance>
				<nl:OpeningCreditBalance>0.0</nl:OpeningCreditBalance>
                <nl:ClosingCreditBalance>2497000000</nl:ClosingCreditBalance>
            </nl:Account>
            <nl:Account>
                <nl:AccountID>2240</nl:AccountID>
                <nl:AccountDescription>Pantelån</nl:AccountDescription>
                <nl:StandardAccountID>22</nl:StandardAccountID>
                <nl:AccountType>GL</nl:AccountType>
                <nl:OpeningDebitBalance>0.0</nl:OpeningDebitBalance>
                <nl:ClosingDebitBalance>0.0</nl:ClosingDebitBalance>
				<nl:OpeningCreditBalance>0.0</nl:OpeningCreditBalance>
                <nl:ClosingCreditBalance>0.0</nl:ClosingCreditBalance>
            </nl:Account>
            <nl:Account>
                <nl:AccountID>2250</nl:AccountID>
                <nl:AccountDescription>Gjeld til ansatte og eiere</nl:AccountDescription>
                <nl:StandardAccountID>22</nl:StandardAccountID>
                <nl:AccountType>GL</nl:AccountType>
                <nl:OpeningDebitBalance>0.0</nl:OpeningDebitBalance>
                <nl:ClosingDebitBalance>0.0</nl:ClosingDebitBalance>
				<nl:OpeningCreditBalance>0.0</nl:OpeningCreditBalance>
                <nl:ClosingCreditBalance>0.0</nl:ClosingCreditBalance>
            </nl:Account>
            <nl:Account>
                <nl:AccountID>2260</nl:AccountID>
                <nl:AccountDescription>Gjeld til selskap i samme konsern</nl:AccountDescription>
                <nl:StandardAccountID>22</nl:StandardAccountID>
                <nl:AccountType>GL</nl:AccountType>
                <nl:OpeningDebitBalance>0.0</nl:OpeningDebitBalance>
                <nl:ClosingDebitBalance>0.0</nl:ClosingDebitBalance>
				<nl:OpeningCreditBalance>0.0</nl:OpeningCreditBalance>
                <nl:ClosingCreditBalance>0.0</nl:ClosingCreditBalance>
            </nl:Account>
            <nl:Account>
                <nl:AccountID>2270</nl:AccountID>
                <nl:AccountDescription>Andre valutalån</nl:AccountDescription>
                <nl:StandardAccountID>22</nl:StandardAccountID>
                <nl:AccountType>GL</nl:AccountType>
                <nl:OpeningDebitBalance>0.0</nl:OpeningDebitBalance>
                <nl:ClosingDebitBalance>0.0</nl:ClosingDebitBalance>
				<nl:OpeningCreditBalance>0.0</nl:OpeningCreditBalance>
                <nl:ClosingCreditBalance>0.0</nl:ClosingCreditBalance>
            </nl:Account>
            <nl:Account>
                <nl:AccountID>2280</nl:AccountID>
                <nl:AccountDescription>Stille interessentinnskudd og ansvarlig lånekapital</nl:AccountDescription>
                <nl:StandardAccountID>22</nl:StandardAccountID>
                <nl:AccountType>GL</nl:AccountType>
                <nl:OpeningDebitBalance>0.0</nl:OpeningDebitBalance>
                <nl:ClosingDebitBalance>0.0</nl:ClosingDebitBalance>
				<nl:OpeningCreditBalance>0.0</nl:OpeningCreditBalance>
                <nl:ClosingCreditBalance>0.0</nl:ClosingCreditBalance>
            </nl:Account>
            <nl:Account>
                <nl:AccountID>2290</nl:AccountID>
                <nl:AccountDescription>Annen langsiktig gjeld</nl:AccountDescription>
                <nl:StandardAccountID>22</nl:StandardAccountID>
                <nl:AccountType>GL</nl:AccountType>
                <nl:OpeningDebitBalance>0.0</nl:OpeningDebitBalance>
                <nl:ClosingDebitBalance>0.0</nl:ClosingDebitBalance>
				<nl:OpeningCreditBalance>0.0</nl:OpeningCreditBalance>
                <nl:ClosingCreditBalance>3100000000</nl:ClosingCreditBalance>
            </nl:Account>
            <nl:Account>
                <nl:AccountID>2300</nl:AccountID>
                <nl:AccountDescription>Konvertible lån</nl:AccountDescription>
                <nl:StandardAccountID>23</nl:StandardAccountID>
                <nl:AccountType>GL</nl:AccountType>
                <nl:OpeningDebitBalance>0.0</nl:OpeningDebitBalance>
                <nl:ClosingDebitBalance>0.0</nl:ClosingDebitBalance>
				<nl:OpeningCreditBalance>0.0</nl:OpeningCreditBalance>
                <nl:ClosingCreditBalance>0.0</nl:ClosingCreditBalance>
            </nl:Account>
            <nl:Account>
                <nl:AccountID>2320</nl:AccountID>
                <nl:AccountDescription>Obligasjonslån</nl:AccountDescription>
                <nl:StandardAccountID>23</nl:StandardAccountID>
                <nl:AccountType>GL</nl:AccountType>
                <nl:OpeningDebitBalance>0.0</nl:OpeningDebitBalance>
                <nl:ClosingDebitBalance>0.0</nl:ClosingDebitBalance>
				<nl:OpeningCreditBalance>0.0</nl:OpeningCreditBalance>
                <nl:ClosingCreditBalance>0.0</nl:ClosingCreditBalance>
            </nl:Account>
            <nl:Account>
                <nl:AccountID>2340</nl:AccountID>
                <nl:AccountDescription>Andre valutalån</nl:AccountDescription>
                <nl:StandardAccountID>23</nl:StandardAccountID>
                <nl:AccountType>GL</nl:AccountType>
                <nl:OpeningDebitBalance>0.0</nl:OpeningDebitBalance>
                <nl:ClosingDebitBalance>0.0</nl:ClosingDebitBalance>
				<nl:OpeningCreditBalance>0.0</nl:OpeningCreditBalance>
                <nl:ClosingCreditBalance>0.0</nl:ClosingCreditBalance>
            </nl:Account>
            <nl:Account>
                <nl:AccountID>2360</nl:AccountID>
                <nl:AccountDescription>Byggelån</nl:AccountDescription>
                <nl:StandardAccountID>23</nl:StandardAccountID>
                <nl:AccountType>GL</nl:AccountType>
                <nl:OpeningDebitBalance>0.0</nl:OpeningDebitBalance>
                <nl:ClosingDebitBalance>0.0</nl:ClosingDebitBalance>
				<nl:OpeningCreditBalance>0.0</nl:OpeningCreditBalance>
                <nl:ClosingCreditBalance>0.0</nl:ClosingCreditBalance>
            </nl:Account>
            <nl:Account>
                <nl:AccountID>2380</nl:AccountID>
                <nl:AccountDescription>Kassakreditt</nl:AccountDescription>
                <nl:StandardAccountID>23</nl:StandardAccountID>
                <nl:AccountType>GL</nl:AccountType>
                <nl:OpeningDebitBalance>0.0</nl:OpeningDebitBalance>
                <nl:ClosingDebitBalance>0.0</nl:ClosingDebitBalance>
				<nl:OpeningCreditBalance>0.0</nl:OpeningCreditBalance>
                <nl:ClosingCreditBalance>0.0</nl:ClosingCreditBalance>
            </nl:Account>
            <nl:Account>
                <nl:AccountID>2390</nl:AccountID>
                <nl:AccountDescription>Annen gjeld til kredittinstitusjon</nl:AccountDescription>
                <nl:StandardAccountID>23</nl:StandardAccountID>
                <nl:AccountType>GL</nl:AccountType>
                <nl:OpeningDebitBalance>0.0</nl:OpeningDebitBalance>
                <nl:ClosingDebitBalance>0.0</nl:ClosingDebitBalance>
				<nl:OpeningCreditBalance>0.0</nl:OpeningCreditBalance>
                <nl:ClosingCreditBalance>0.0</nl:ClosingCreditBalance>
            </nl:Account>
            <nl:Account>
                <nl:AccountID>2400</nl:AccountID>
                <nl:AccountDescription>Leverandørgjeld</nl:AccountDescription>
                <nl:StandardAccountID>24</nl:StandardAccountID>
                <nl:AccountType>GL</nl:AccountType>
                <nl:OpeningDebitBalance>0.0</nl:OpeningDebitBalance>
                <nl:ClosingDebitBalance>0.0</nl:ClosingDebitBalance>
				<nl:OpeningCreditBalance>1406000000</nl:OpeningCreditBalance>
                <nl:ClosingCreditBalance>2700000000</nl:ClosingCreditBalance>
            </nl:Account>
            <nl:Account>
                <nl:AccountID>2460</nl:AccountID>
                <nl:AccountDescription>Leverandørgjeld til selskap i samme konsern</nl:AccountDescription>
                <nl:StandardAccountID>24</nl:StandardAccountID>
                <nl:AccountType>GL</nl:AccountType>
                <nl:OpeningDebitBalance>0.0</nl:OpeningDebitBalance>
                <nl:ClosingDebitBalance>0.0</nl:ClosingDebitBalance>
				<nl:OpeningCreditBalance>0.0</nl:OpeningCreditBalance>
                <nl:ClosingCreditBalance>0.0</nl:ClosingCreditBalance>
            </nl:Account>
            <nl:Account>
                <nl:AccountID>2500</nl:AccountID>
                <nl:AccountDescription>Betalbar skatt, ikke utlignet</nl:AccountDescription>
                <nl:StandardAccountID>25</nl:StandardAccountID>
                <nl:AccountType>GL</nl:AccountType>
                <nl:OpeningDebitBalance>0.0</nl:OpeningDebitBalance>
                <nl:ClosingDebitBalance>0.0</nl:ClosingDebitBalance>
				<nl:OpeningCreditBalance>254000000</nl:OpeningCreditBalance>
                <nl:ClosingCreditBalance>271000000</nl:ClosingCreditBalance>
            </nl:Account>
            <nl:Account>
                <nl:AccountID>2510</nl:AccountID>
                <nl:AccountDescription>Betalbar skatt, utlignet</nl:AccountDescription>
                <nl:StandardAccountID>25</nl:StandardAccountID>
                <nl:AccountType>GL</nl:AccountType>
                <nl:OpeningDebitBalance>0.0</nl:OpeningDebitBalance>
                <nl:ClosingDebitBalance>0.0</nl:ClosingDebitBalance>
				<nl:OpeningCreditBalance>0.0</nl:OpeningCreditBalance>
                <nl:ClosingCreditBalance>0.0</nl:ClosingCreditBalance>
            </nl:Account>
            <nl:Account>
                <nl:AccountID>2530</nl:AccountID>
                <nl:AccountDescription>Refusjon skatt etter skatteloven § 16-50</nl:AccountDescription>
                <nl:StandardAccountID>25</nl:StandardAccountID>
                <nl:AccountType>GL</nl:AccountType>
                <nl:OpeningDebitBalance>0.0</nl:OpeningDebitBalance>
                <nl:ClosingDebitBalance>0.0</nl:ClosingDebitBalance>
				<nl:OpeningCreditBalance>0.0</nl:OpeningCreditBalance>
                <nl:ClosingCreditBalance>0.0</nl:ClosingCreditBalance>
            </nl:Account>
            <nl:Account>
                <nl:AccountID>2540</nl:AccountID>
                <nl:AccountDescription>Forhåndsskatt</nl:AccountDescription>
                <nl:StandardAccountID>25</nl:StandardAccountID>
                <nl:AccountType>GL</nl:AccountType>
                <nl:OpeningDebitBalance>0.0</nl:OpeningDebitBalance>
                <nl:ClosingDebitBalance>0.0</nl:ClosingDebitBalance>
				<nl:OpeningCreditBalance>0.0</nl:OpeningCreditBalance>
                <nl:ClosingCreditBalance>0.0</nl:ClosingCreditBalance>
            </nl:Account>
            <nl:Account>
                <nl:AccountID>2600</nl:AccountID>
                <nl:AccountDescription>Forskuddstrekk</nl:AccountDescription>
                <nl:StandardAccountID>26</nl:StandardAccountID>
                <nl:AccountType>GL</nl:AccountType>
                <nl:OpeningDebitBalance>0.0</nl:OpeningDebitBalance>
                <nl:ClosingDebitBalance>0.0</nl:ClosingDebitBalance>
				<nl:OpeningCreditBalance>0.0</nl:OpeningCreditBalance>
                <nl:ClosingCreditBalance>0.0</nl:ClosingCreditBalance>
            </nl:Account>
            <nl:Account>
                <nl:AccountID>2610</nl:AccountID>
                <nl:AccountDescription>Utleggstrekk</nl:AccountDescription>
                <nl:StandardAccountID>26</nl:StandardAccountID>
                <nl:AccountType>GL</nl:AccountType>
                <nl:OpeningDebitBalance>0.0</nl:OpeningDebitBalance>
                <nl:ClosingDebitBalance>0.0</nl:ClosingDebitBalance>
				<nl:OpeningCreditBalance>0.0</nl:OpeningCreditBalance>
                <nl:ClosingCreditBalance>0.0</nl:ClosingCreditBalance>
            </nl:Account>
            <nl:Account>
                <nl:AccountID>2620</nl:AccountID>
                <nl:AccountDescription>Bidragstrekk</nl:AccountDescription>
                <nl:StandardAccountID>26</nl:StandardAccountID>
                <nl:AccountType>GL</nl:AccountType>
                <nl:OpeningDebitBalance>0.0</nl:OpeningDebitBalance>
                <nl:ClosingDebitBalance>0.0</nl:ClosingDebitBalance>
				<nl:OpeningCreditBalance>0.0</nl:OpeningCreditBalance>
                <nl:ClosingCreditBalance>0.0</nl:ClosingCreditBalance>
            </nl:Account>
            <nl:Account>
                <nl:AccountID>2630</nl:AccountID>
                <nl:AccountDescription>Trygdetrekk</nl:AccountDescription>
                <nl:StandardAccountID>26</nl:StandardAccountID>
                <nl:AccountType>GL</nl:AccountType>
                <nl:OpeningDebitBalance>0.0</nl:OpeningDebitBalance>
                <nl:ClosingDebitBalance>0.0</nl:ClosingDebitBalance>
				<nl:OpeningCreditBalance>0.0</nl:OpeningCreditBalance>
                <nl:ClosingCreditBalance>0.0</nl:ClosingCreditBalance>
            </nl:Account>
            <nl:Account>
                <nl:AccountID>2640</nl:AccountID>
                <nl:AccountDescription>Forsikringstrekk</nl:AccountDescription>
                <nl:StandardAccountID>26</nl:StandardAccountID>
                <nl:AccountType>GL</nl:AccountType>
                <nl:OpeningDebitBalance>0.0</nl:OpeningDebitBalance>
                <nl:ClosingDebitBalance>0.0</nl:ClosingDebitBalance>
				<nl:OpeningCreditBalance>0.0</nl:OpeningCreditBalance>
                <nl:ClosingCreditBalance>0.0</nl:ClosingCreditBalance>
            </nl:Account>
            <nl:Account>
                <nl:AccountID>2650</nl:AccountID>
                <nl:AccountDescription>Trukket fagforeningskontingent</nl:AccountDescription>
                <nl:StandardAccountID>26</nl:StandardAccountID>
                <nl:AccountType>GL</nl:AccountType>
                <nl:OpeningDebitBalance>0.0</nl:OpeningDebitBalance>
                <nl:ClosingDebitBalance>0.0</nl:ClosingDebitBalance>
				<nl:OpeningCreditBalance>0.0</nl:OpeningCreditBalance>
                <nl:ClosingCreditBalance>0.0</nl:ClosingCreditBalance>
            </nl:Account>
            <nl:Account>
                <nl:AccountID>2670</nl:AccountID>
                <nl:AccountDescription>Trukket lavtlønnsfond</nl:AccountDescription>
                <nl:StandardAccountID>26</nl:StandardAccountID>
                <nl:AccountType>GL</nl:AccountType>
                <nl:OpeningDebitBalance>0.0</nl:OpeningDebitBalance>
                <nl:ClosingDebitBalance>0.0</nl:ClosingDebitBalance>
				<nl:OpeningCreditBalance>0.0</nl:OpeningCreditBalance>
                <nl:ClosingCreditBalance>0.0</nl:ClosingCreditBalance>
            </nl:Account>
            <nl:Account>
                <nl:AccountID>2690</nl:AccountID>
                <nl:AccountDescription>Andre trekk</nl:AccountDescription>
                <nl:StandardAccountID>26</nl:StandardAccountID>
                <nl:AccountType>GL</nl:AccountType>
                <nl:OpeningDebitBalance>0.0</nl:OpeningDebitBalance>
                <nl:ClosingDebitBalance>0.0</nl:ClosingDebitBalance>
				<nl:OpeningCreditBalance>0.0</nl:OpeningCreditBalance>
                <nl:ClosingCreditBalance>0.0</nl:ClosingCreditBalance>
            </nl:Account>
            <nl:Account>
                <nl:AccountID>2700</nl:AccountID>
                <nl:AccountDescription>Utgående merverdiavgift, høy sats</nl:AccountDescription>
                <nl:StandardAccountID>27</nl:StandardAccountID>
                <nl:AccountType>GL</nl:AccountType>
                <nl:OpeningDebitBalance>0.0</nl:OpeningDebitBalance>
                <nl:ClosingDebitBalance>0.0</nl:ClosingDebitBalance>
				<nl:OpeningCreditBalance>0.0</nl:OpeningCreditBalance>
                <nl:ClosingCreditBalance>0.0</nl:ClosingCreditBalance>
            </nl:Account>
            <nl:Account>
                <nl:AccountID>2701</nl:AccountID>
                <nl:AccountDescription>Utgående merverdiavgift, middels sats</nl:AccountDescription>
                <nl:StandardAccountID>27</nl:StandardAccountID>
                <nl:AccountType>GL</nl:AccountType>
                <nl:OpeningDebitBalance>0.0</nl:OpeningDebitBalance>
                <nl:ClosingDebitBalance>0.0</nl:ClosingDebitBalance>
				<nl:OpeningCreditBalance>0.0</nl:OpeningCreditBalance>
                <nl:ClosingCreditBalance>0.0</nl:ClosingCreditBalance>
            </nl:Account>
            <nl:Account>
                <nl:AccountID>2702</nl:AccountID>
                <nl:AccountDescription>Utgående merverdiavgift, lav sats</nl:AccountDescription>
                <nl:StandardAccountID>27</nl:StandardAccountID>
                <nl:AccountType>GL</nl:AccountType>
                <nl:OpeningDebitBalance>0.0</nl:OpeningDebitBalance>
                <nl:ClosingDebitBalance>0.0</nl:ClosingDebitBalance>
				<nl:OpeningCreditBalance>0.0</nl:OpeningCreditBalance>
                <nl:ClosingCreditBalance>0.0</nl:ClosingCreditBalance>
            </nl:Account>
            <nl:Account>
                <nl:AccountID>2703</nl:AccountID>
                <nl:AccountDescription>Utgående merverdiavgift kjøp av tjenester fra utlandet, høy sats</nl:AccountDescription>
                <nl:StandardAccountID>27</nl:StandardAccountID>
                <nl:AccountType>GL</nl:AccountType>
                <nl:OpeningDebitBalance>0.0</nl:OpeningDebitBalance>
                <nl:ClosingDebitBalance>0.0</nl:ClosingDebitBalance>
				<nl:OpeningCreditBalance>0.0</nl:OpeningCreditBalance>
                <nl:ClosingCreditBalance>0.0</nl:ClosingCreditBalance>
            </nl:Account>
            <nl:Account>
                <nl:AccountID>2704</nl:AccountID>
                <nl:AccountDescription>Utgående merverdiavgift kjøp av tjenester fra utlandet, lav sats</nl:AccountDescription>
                <nl:StandardAccountID>27</nl:StandardAccountID>
                <nl:AccountType>GL</nl:AccountType>
                <nl:OpeningDebitBalance>0.0</nl:OpeningDebitBalance>
                <nl:ClosingDebitBalance>0.0</nl:ClosingDebitBalance>
				<nl:OpeningCreditBalance>0.0</nl:OpeningCreditBalance>
                <nl:ClosingCreditBalance>0.0</nl:ClosingCreditBalance>
            </nl:Account>
            <nl:Account>
                <nl:AccountID>2705</nl:AccountID>
                <nl:AccountDescription>Utgående merverdiavgift innførsel, høy sats</nl:AccountDescription>
                <nl:StandardAccountID>27</nl:StandardAccountID>
                <nl:AccountType>GL</nl:AccountType>
                <nl:OpeningDebitBalance>0.0</nl:OpeningDebitBalance>
                <nl:ClosingDebitBalance>0.0</nl:ClosingDebitBalance>
				<nl:OpeningCreditBalance>0.0</nl:OpeningCreditBalance>
                <nl:ClosingCreditBalance>0.0</nl:ClosingCreditBalance>
            </nl:Account>
            <nl:Account>
                <nl:AccountID>2706</nl:AccountID>
                <nl:AccountDescription>Utgående merverdiavgift innførsel, middels sats</nl:AccountDescription>
                <nl:StandardAccountID>27</nl:StandardAccountID>
                <nl:AccountType>GL</nl:AccountType>
                <nl:OpeningDebitBalance>0.0</nl:OpeningDebitBalance>
                <nl:ClosingDebitBalance>0.0</nl:ClosingDebitBalance>
				<nl:OpeningCreditBalance>0.0</nl:OpeningCreditBalance>
                <nl:ClosingCreditBalance>0.0</nl:ClosingCreditBalance>
            </nl:Account>
            <nl:Account>
                <nl:AccountID>2707</nl:AccountID>
                <nl:AccountDescription>Utgående merverdiavgift kjøp av klimakvoter og gull</nl:AccountDescription>
                <nl:StandardAccountID>27</nl:StandardAccountID>
                <nl:AccountType>GL</nl:AccountType>
                <nl:OpeningDebitBalance>0.0</nl:OpeningDebitBalance>
                <nl:ClosingDebitBalance>0.0</nl:ClosingDebitBalance>
				<nl:OpeningCreditBalance>0.0</nl:OpeningCreditBalance>
                <nl:ClosingCreditBalance>0.0</nl:ClosingCreditBalance>
            </nl:Account>
            <nl:Account>
                <nl:AccountID>2710</nl:AccountID>
                <nl:AccountDescription>Inngående merverdiavgift, høy sats</nl:AccountDescription>
                <nl:StandardAccountID>27</nl:StandardAccountID>
                <nl:AccountType>GL</nl:AccountType>
                <nl:OpeningDebitBalance>0.0</nl:OpeningDebitBalance>
                <nl:ClosingDebitBalance>0.0</nl:ClosingDebitBalance>
				<nl:OpeningCreditBalance>0.0</nl:OpeningCreditBalance>
                <nl:ClosingCreditBalance>0.0</nl:ClosingCreditBalance>
            </nl:Account>
            <nl:Account>
                <nl:AccountID>2711</nl:AccountID>
                <nl:AccountDescription>Inngående merverdiavgift, middels sats</nl:AccountDescription>
                <nl:StandardAccountID>27</nl:StandardAccountID>
                <nl:AccountType>GL</nl:AccountType>
                <nl:OpeningDebitBalance>0.0</nl:OpeningDebitBalance>
                <nl:ClosingDebitBalance>0.0</nl:ClosingDebitBalance>
				<nl:OpeningCreditBalance>0.0</nl:OpeningCreditBalance>
                <nl:ClosingCreditBalance>0.0</nl:ClosingCreditBalance>
            </nl:Account>
            <nl:Account>
                <nl:AccountID>2712</nl:AccountID>
                <nl:AccountDescription>Inngående merverdiavgift, lav sats</nl:AccountDescription>
                <nl:StandardAccountID>27</nl:StandardAccountID>
                <nl:AccountType>GL</nl:AccountType>
                <nl:OpeningDebitBalance>0.0</nl:OpeningDebitBalance>
                <nl:ClosingDebitBalance>0.0</nl:ClosingDebitBalance>
				<nl:OpeningCreditBalance>0.0</nl:OpeningCreditBalance>
                <nl:ClosingCreditBalance>0.0</nl:ClosingCreditBalance>
            </nl:Account>
            <nl:Account>
                <nl:AccountID>2713</nl:AccountID>
                <nl:AccountDescription>Direktepostert inngående merverdiavgift ved innførsel, høy sats</nl:AccountDescription>
                <nl:StandardAccountID>27</nl:StandardAccountID>
                <nl:AccountType>GL</nl:AccountType>
                <nl:OpeningDebitBalance>0.0</nl:OpeningDebitBalance>
                <nl:ClosingDebitBalance>0.0</nl:ClosingDebitBalance>
				<nl:OpeningCreditBalance>0.0</nl:OpeningCreditBalance>
                <nl:ClosingCreditBalance>0.0</nl:ClosingCreditBalance>
            </nl:Account>
            <nl:Account>
                <nl:AccountID>2714</nl:AccountID>
                <nl:AccountDescription>Direktepostert inngående merverdiavgift ved innførsel, middels sats</nl:AccountDescription>
                <nl:StandardAccountID>27</nl:StandardAccountID>
                <nl:AccountType>GL</nl:AccountType>
                <nl:OpeningDebitBalance>0.0</nl:OpeningDebitBalance>
                <nl:ClosingDebitBalance>0.0</nl:ClosingDebitBalance>
				<nl:OpeningCreditBalance>0.0</nl:OpeningCreditBalance>
                <nl:ClosingCreditBalance>0.0</nl:ClosingCreditBalance>
            </nl:Account>
            <nl:Account>
                <nl:AccountID>2740</nl:AccountID>
                <nl:AccountDescription>Oppgjørskonto merverdiavgift</nl:AccountDescription>
                <nl:StandardAccountID>27</nl:StandardAccountID>
                <nl:AccountType>GL</nl:AccountType>
                <nl:OpeningDebitBalance>0.0</nl:OpeningDebitBalance>
                <nl:ClosingDebitBalance>0.0</nl:ClosingDebitBalance>
				<nl:OpeningCreditBalance>0.0</nl:OpeningCreditBalance>
                <nl:ClosingCreditBalance>0.0</nl:ClosingCreditBalance>
            </nl:Account>
            <nl:Account>
                <nl:AccountID>2770</nl:AccountID>
                <nl:AccountDescription>Skyldig arbeidsgiveravgift</nl:AccountDescription>
                <nl:StandardAccountID>27</nl:StandardAccountID>
                <nl:AccountType>GL</nl:AccountType>
                <nl:OpeningDebitBalance>0.0</nl:OpeningDebitBalance>
                <nl:ClosingDebitBalance>0.0</nl:ClosingDebitBalance>
				<nl:OpeningCreditBalance>107400000</nl:OpeningCreditBalance>
                <nl:ClosingCreditBalance>96000000</nl:ClosingCreditBalance>
            </nl:Account>
            <nl:Account>
                <nl:AccountID>2771</nl:AccountID>
                <nl:AccountDescription>Skyldig finansskatt av lønn</nl:AccountDescription>
                <nl:StandardAccountID>27</nl:StandardAccountID>
                <nl:AccountType>GL</nl:AccountType>
                <nl:OpeningDebitBalance>0.0</nl:OpeningDebitBalance>
                <nl:ClosingDebitBalance>0.0</nl:ClosingDebitBalance>
				<nl:OpeningCreditBalance>107400000</nl:OpeningCreditBalance>
                <nl:ClosingCreditBalance>96000000</nl:ClosingCreditBalance>
            </nl:Account>
            <nl:Account>
                <nl:AccountID>2780</nl:AccountID>
                <nl:AccountDescription>Påløpt arbeidsgiveravgift på påløpt lønn</nl:AccountDescription>
                <nl:StandardAccountID>27</nl:StandardAccountID>
                <nl:AccountType>GL</nl:AccountType>
                <nl:OpeningDebitBalance>0.0</nl:OpeningDebitBalance>
                <nl:ClosingDebitBalance>0.0</nl:ClosingDebitBalance>
				<nl:OpeningCreditBalance>107400000</nl:OpeningCreditBalance>
                <nl:ClosingCreditBalance>96000000</nl:ClosingCreditBalance>
            </nl:Account>
            <nl:Account>
                <nl:AccountID>2785</nl:AccountID>
                <nl:AccountDescription>Påløpt arbeidsgiveravgift på ferielønn</nl:AccountDescription>
                <nl:StandardAccountID>27</nl:StandardAccountID>
                <nl:AccountType>GL</nl:AccountType>
                <nl:OpeningDebitBalance>0.0</nl:OpeningDebitBalance>
                <nl:ClosingDebitBalance>0.0</nl:ClosingDebitBalance>
				<nl:OpeningCreditBalance>107400000</nl:OpeningCreditBalance>
                <nl:ClosingCreditBalance>96000000</nl:ClosingCreditBalance>
            </nl:Account>
            <nl:Account>
                <nl:AccountID>2786</nl:AccountID>
                <nl:AccountDescription>Påløpt finansskatt av ferielønn</nl:AccountDescription>
                <nl:StandardAccountID>27</nl:StandardAccountID>
                <nl:AccountType>GL</nl:AccountType>
                <nl:OpeningDebitBalance>0.0</nl:OpeningDebitBalance>
                <nl:ClosingDebitBalance>0.0</nl:ClosingDebitBalance>
				<nl:OpeningCreditBalance>107400000</nl:OpeningCreditBalance>
                <nl:ClosingCreditBalance>96000000</nl:ClosingCreditBalance>
            </nl:Account>
            <nl:Account>
                <nl:AccountID>2790</nl:AccountID>
                <nl:AccountDescription>Andre offentlige avgifter</nl:AccountDescription>
                <nl:StandardAccountID>27</nl:StandardAccountID>
                <nl:AccountType>GL</nl:AccountType>
                <nl:OpeningDebitBalance>0.0</nl:OpeningDebitBalance>
                <nl:ClosingDebitBalance>0.0</nl:ClosingDebitBalance>
				<nl:OpeningCreditBalance>0.0</nl:OpeningCreditBalance>
                <nl:ClosingCreditBalance>0.0</nl:ClosingCreditBalance>
            </nl:Account>
            <nl:Account>
                <nl:AccountID>2800</nl:AccountID>
                <nl:AccountDescription>Avsatt utbytte</nl:AccountDescription>
                <nl:StandardAccountID>28</nl:StandardAccountID>
                <nl:AccountType>GL</nl:AccountType>
                <nl:OpeningDebitBalance>0.0</nl:OpeningDebitBalance>
                <nl:ClosingDebitBalance>0.0</nl:ClosingDebitBalance>
				<nl:OpeningCreditBalance>0.0</nl:OpeningCreditBalance>
                <nl:ClosingCreditBalance>0.0</nl:ClosingCreditBalance>
            </nl:Account>
            <nl:Account>
                <nl:AccountID>2900</nl:AccountID>
                <nl:AccountDescription>Forskudd fra kunder</nl:AccountDescription>
                <nl:StandardAccountID>29</nl:StandardAccountID>
                <nl:AccountType>GL</nl:AccountType>
                <nl:OpeningDebitBalance>0.0</nl:OpeningDebitBalance>
                <nl:ClosingDebitBalance>0.0</nl:ClosingDebitBalance>
				<nl:OpeningCreditBalance>0.0</nl:OpeningCreditBalance>
                <nl:ClosingCreditBalance>0.0</nl:ClosingCreditBalance>
            </nl:Account>
            <nl:Account>
                <nl:AccountID>2910</nl:AccountID>
                <nl:AccountDescription>Gjeld til ansatte og eiere</nl:AccountDescription>
                <nl:StandardAccountID>29</nl:StandardAccountID>
                <nl:AccountType>GL</nl:AccountType>
                <nl:OpeningDebitBalance>0.0</nl:OpeningDebitBalance>
                <nl:ClosingDebitBalance>0.0</nl:ClosingDebitBalance>
				<nl:OpeningCreditBalance>0.0</nl:OpeningCreditBalance>
                <nl:ClosingCreditBalance>0.0</nl:ClosingCreditBalance>
            </nl:Account>
            <nl:Account>
                <nl:AccountID>2920</nl:AccountID>
                <nl:AccountDescription>Gjeld til selskap i samme konsern</nl:AccountDescription>
                <nl:StandardAccountID>29</nl:StandardAccountID>
                <nl:AccountType>GL</nl:AccountType>
                <nl:OpeningDebitBalance>0.0</nl:OpeningDebitBalance>
                <nl:ClosingDebitBalance>0.0</nl:ClosingDebitBalance>
				<nl:OpeningCreditBalance>0.0</nl:OpeningCreditBalance>
                <nl:ClosingCreditBalance>0.0</nl:ClosingCreditBalance>
            </nl:Account>
            <nl:Account>
                <nl:AccountID>2930</nl:AccountID>
                <nl:AccountDescription>Skyldig lønn</nl:AccountDescription>
                <nl:StandardAccountID>29</nl:StandardAccountID>
                <nl:AccountType>GL</nl:AccountType>
                <nl:OpeningDebitBalance>0.0</nl:OpeningDebitBalance>
                <nl:ClosingDebitBalance>0.0</nl:ClosingDebitBalance>
				<nl:OpeningCreditBalance>0.0</nl:OpeningCreditBalance>
                <nl:ClosingCreditBalance>0.0</nl:ClosingCreditBalance>
            </nl:Account>
            <nl:Account>
                <nl:AccountID>2940</nl:AccountID>
                <nl:AccountDescription>Skyldig feriepenger</nl:AccountDescription>
                <nl:StandardAccountID>29</nl:StandardAccountID>
                <nl:AccountType>GL</nl:AccountType>
                <nl:OpeningDebitBalance>0.0</nl:OpeningDebitBalance>
                <nl:ClosingDebitBalance>0.0</nl:ClosingDebitBalance>
				<nl:OpeningCreditBalance>0.0</nl:OpeningCreditBalance>
                <nl:ClosingCreditBalance>0.0</nl:ClosingCreditBalance>
            </nl:Account>
            <nl:Account>
                <nl:AccountID>2945</nl:AccountID>
                <nl:AccountDescription>Periodisering av lønn</nl:AccountDescription>
                <nl:StandardAccountID>29</nl:StandardAccountID>
                <nl:AccountType>GL</nl:AccountType>
                <nl:OpeningDebitBalance>0.0</nl:OpeningDebitBalance>
                <nl:ClosingDebitBalance>0.0</nl:ClosingDebitBalance>
				<nl:OpeningCreditBalance>0.0</nl:OpeningCreditBalance>
                <nl:ClosingCreditBalance>0.0</nl:ClosingCreditBalance>
            </nl:Account>
            <nl:Account>
                <nl:AccountID>2950</nl:AccountID>
                <nl:AccountDescription>Påløpt rente</nl:AccountDescription>
                <nl:StandardAccountID>29</nl:StandardAccountID>
                <nl:AccountType>GL</nl:AccountType>
                <nl:OpeningDebitBalance>0.0</nl:OpeningDebitBalance>
                <nl:ClosingDebitBalance>0.0</nl:ClosingDebitBalance>
				<nl:OpeningCreditBalance>0.0</nl:OpeningCreditBalance>
                <nl:ClosingCreditBalance>0.0</nl:ClosingCreditBalance>
            </nl:Account>
            <nl:Account>
                <nl:AccountID>2960</nl:AccountID>
                <nl:AccountDescription>Annen påløpt kostnad</nl:AccountDescription>
                <nl:StandardAccountID>29</nl:StandardAccountID>
                <nl:AccountType>GL</nl:AccountType>
                <nl:OpeningDebitBalance>0.0</nl:OpeningDebitBalance>
                <nl:ClosingDebitBalance>0.0</nl:ClosingDebitBalance>
				<nl:OpeningCreditBalance>0.0</nl:OpeningCreditBalance>
                <nl:ClosingCreditBalance>697000000</nl:ClosingCreditBalance>
            </nl:Account>
            <nl:Account>
                <nl:AccountID>2965</nl:AccountID>
                <nl:AccountDescription>Forskuddsbetalt inntekt</nl:AccountDescription>
                <nl:StandardAccountID>29</nl:StandardAccountID>
                <nl:AccountType>GL</nl:AccountType>
                <nl:OpeningDebitBalance>0.0</nl:OpeningDebitBalance>
                <nl:ClosingDebitBalance>0.0</nl:ClosingDebitBalance>
				<nl:OpeningCreditBalance>0.0</nl:OpeningCreditBalance>
                <nl:ClosingCreditBalance>0.0</nl:ClosingCreditBalance>
            </nl:Account>
            <nl:Account>
                <nl:AccountID>2970</nl:AccountID>
                <nl:AccountDescription>Uopptjent inntekt</nl:AccountDescription>
                <nl:StandardAccountID>29</nl:StandardAccountID>
                <nl:AccountType>GL</nl:AccountType>
                <nl:OpeningDebitBalance>0.0</nl:OpeningDebitBalance>
                <nl:ClosingDebitBalance>0.0</nl:ClosingDebitBalance>
				<nl:OpeningCreditBalance>0.0</nl:OpeningCreditBalance>
                <nl:ClosingCreditBalance>0.0</nl:ClosingCreditBalance>
            </nl:Account>
            <nl:Account>
                <nl:AccountID>2980</nl:AccountID>
                <nl:AccountDescription>Avsetning styrehonorar</nl:AccountDescription>
                <nl:StandardAccountID>29</nl:StandardAccountID>
                <nl:AccountType>GL</nl:AccountType>
                <nl:OpeningDebitBalance>0.0</nl:OpeningDebitBalance>
                <nl:ClosingDebitBalance>0.0</nl:ClosingDebitBalance>
				<nl:OpeningCreditBalance>0.0</nl:OpeningCreditBalance>
                <nl:ClosingCreditBalance>0.0</nl:ClosingCreditBalance>
            </nl:Account>
            <nl:Account>
                <nl:AccountID>2981</nl:AccountID>
                <nl:AccountDescription>Avsetning revisjonshonorar</nl:AccountDescription>
                <nl:StandardAccountID>29</nl:StandardAccountID>
                <nl:AccountType>GL</nl:AccountType>
                <nl:OpeningDebitBalance>0.0</nl:OpeningDebitBalance>
                <nl:ClosingDebitBalance>0.0</nl:ClosingDebitBalance>
				<nl:OpeningCreditBalance>0.0</nl:OpeningCreditBalance>
                <nl:ClosingCreditBalance>0.0</nl:ClosingCreditBalance>
            </nl:Account>
            <nl:Account>
                <nl:AccountID>2982</nl:AccountID>
                <nl:AccountDescription>Avsetning regnskapshonorar</nl:AccountDescription>
                <nl:StandardAccountID>29</nl:StandardAccountID>
                <nl:AccountType>GL</nl:AccountType>
                <nl:OpeningDebitBalance>0.0</nl:OpeningDebitBalance>
                <nl:ClosingDebitBalance>0.0</nl:ClosingDebitBalance>
				<nl:OpeningCreditBalance>0.0</nl:OpeningCreditBalance>
                <nl:ClosingCreditBalance>0.0</nl:ClosingCreditBalance>
            </nl:Account>
            <nl:Account>
                <nl:AccountID>2989</nl:AccountID>
                <nl:AccountDescription>Avsetning andre forpliktelser</nl:AccountDescription>
                <nl:StandardAccountID>29</nl:StandardAccountID>
                <nl:AccountType>GL</nl:AccountType>
                <nl:OpeningDebitBalance>0.0</nl:OpeningDebitBalance>
                <nl:ClosingDebitBalance>0.0</nl:ClosingDebitBalance>
				<nl:OpeningCreditBalance>0.0</nl:OpeningCreditBalance>
                <nl:ClosingCreditBalance>0.0</nl:ClosingCreditBalance>
            </nl:Account>
            <nl:Account>
                <nl:AccountID>2990</nl:AccountID>
                <nl:AccountDescription>Annen kortsiktig gjeld</nl:AccountDescription>
                <nl:StandardAccountID>29</nl:StandardAccountID>
                <nl:AccountType>GL</nl:AccountType>
                <nl:OpeningDebitBalance>0.0</nl:OpeningDebitBalance>
                <nl:ClosingDebitBalance>0.0</nl:ClosingDebitBalance>
				<nl:OpeningCreditBalance>19091000000</nl:OpeningCreditBalance>
                <nl:ClosingCreditBalance>16694000000</nl:ClosingCreditBalance>
            </nl:Account>
            <nl:Account>
                <nl:AccountID>3000</nl:AccountID>
                <nl:AccountDescription>Salgsinntekt, avgiftspliktig</nl:AccountDescription>
                <nl:StandardAccountID>30</nl:StandardAccountID>
                <nl:AccountType>GL</nl:AccountType>
                <nl:OpeningDebitBalance>0.0</nl:OpeningDebitBalance>
                <nl:ClosingDebitBalance>0.0</nl:ClosingDebitBalance>
				<nl:OpeningCreditBalance>3046375000</nl:OpeningCreditBalance>
                <nl:ClosingCreditBalance>3190750000</nl:ClosingCreditBalance>
            </nl:Account>
            <nl:Account>
                <nl:AccountID>3001</nl:AccountID>
                <nl:AccountDescription>Salgsinntekt, avgiftspliktig, middels sats</nl:AccountDescription>
                <nl:StandardAccountID>30</nl:StandardAccountID>
                <nl:AccountType>GL</nl:AccountType>
                <nl:OpeningDebitBalance>0.0</nl:OpeningDebitBalance>
                <nl:ClosingDebitBalance>0.0</nl:ClosingDebitBalance>
				<nl:OpeningCreditBalance>0.0</nl:OpeningCreditBalance>
                <nl:ClosingCreditBalance>0.0</nl:ClosingCreditBalance>
            </nl:Account>
            <nl:Account>
                <nl:AccountID>3002</nl:AccountID>
                <nl:AccountDescription>Salgsinntekt, avgiftspliktig, lav sats</nl:AccountDescription>
                <nl:StandardAccountID>30</nl:StandardAccountID>
                <nl:AccountType>GL</nl:AccountType>
                <nl:OpeningDebitBalance>0.0</nl:OpeningDebitBalance>
                <nl:ClosingDebitBalance>0.0</nl:ClosingDebitBalance>
				<nl:OpeningCreditBalance>0.0</nl:OpeningCreditBalance>
                <nl:ClosingCreditBalance>0.0</nl:ClosingCreditBalance>
            </nl:Account>
            <nl:Account>
                <nl:AccountID>3011</nl:AccountID>
                <nl:AccountDescription>Salgsinntekt, avgiftspliktig, råfisk</nl:AccountDescription>
                <nl:StandardAccountID>30</nl:StandardAccountID>
                <nl:AccountType>GL</nl:AccountType>
                <nl:OpeningDebitBalance>0.0</nl:OpeningDebitBalance>
                <nl:ClosingDebitBalance>0.0</nl:ClosingDebitBalance>
				<nl:OpeningCreditBalance>0.0</nl:OpeningCreditBalance>
                <nl:ClosingCreditBalance>0.0</nl:ClosingCreditBalance>
            </nl:Account>
            <nl:Account>
                <nl:AccountID>3060</nl:AccountID>
                <nl:AccountDescription>Uttak av varer/tjenester</nl:AccountDescription>
                <nl:StandardAccountID>30</nl:StandardAccountID>
                <nl:AccountType>GL</nl:AccountType>
                <nl:OpeningDebitBalance>0.0</nl:OpeningDebitBalance>
                <nl:ClosingDebitBalance>0.0</nl:ClosingDebitBalance>
				<nl:OpeningCreditBalance>3046375000</nl:OpeningCreditBalance>
                <nl:ClosingCreditBalance>3190750000</nl:ClosingCreditBalance>
            </nl:Account>
            <nl:Account>
                <nl:AccountID>3061</nl:AccountID>
                <nl:AccountDescription>Uttak av varer/tjenester, middels sats</nl:AccountDescription>
                <nl:StandardAccountID>30</nl:StandardAccountID>
                <nl:AccountType>GL</nl:AccountType>
                <nl:OpeningDebitBalance>0.0</nl:OpeningDebitBalance>
                <nl:ClosingDebitBalance>0.0</nl:ClosingDebitBalance>
				<nl:OpeningCreditBalance>0.0</nl:OpeningCreditBalance>
                <nl:ClosingCreditBalance>0.0</nl:ClosingCreditBalance>
            </nl:Account>
            <nl:Account>
                <nl:AccountID>3062</nl:AccountID>
                <nl:AccountDescription>Uttak av varer/tjenester, lav sats</nl:AccountDescription>
                <nl:StandardAccountID>30</nl:StandardAccountID>
                <nl:AccountType>GL</nl:AccountType>
                <nl:OpeningDebitBalance>0.0</nl:OpeningDebitBalance>
                <nl:ClosingDebitBalance>0.0</nl:ClosingDebitBalance>
				<nl:OpeningCreditBalance>0.0</nl:OpeningCreditBalance>
                <nl:ClosingCreditBalance>0.0</nl:ClosingCreditBalance>
            </nl:Account>
            <nl:Account>
                <nl:AccountID>3063</nl:AccountID>
                <nl:AccountDescription>Motkonto uttak av varer/tjenester</nl:AccountDescription>
                <nl:StandardAccountID>30</nl:StandardAccountID>
                <nl:AccountType>GL</nl:AccountType>
                <nl:OpeningDebitBalance>0.0</nl:OpeningDebitBalance>
                <nl:ClosingDebitBalance>0.0</nl:ClosingDebitBalance>
				<nl:OpeningCreditBalance>0.0</nl:OpeningCreditBalance>
                <nl:ClosingCreditBalance>0.0</nl:ClosingCreditBalance>
            </nl:Account>
            <nl:Account>
                <nl:AccountID>3080</nl:AccountID>
                <nl:AccountDescription>Rabatt og annen salgsinntektsreduksjon</nl:AccountDescription>
                <nl:StandardAccountID>30</nl:StandardAccountID>
                <nl:AccountType>GL</nl:AccountType>
                <nl:OpeningDebitBalance>0.0</nl:OpeningDebitBalance>
                <nl:ClosingDebitBalance>0.0</nl:ClosingDebitBalance>
				<nl:OpeningCreditBalance>0.0</nl:OpeningCreditBalance>
                <nl:ClosingCreditBalance>0.0</nl:ClosingCreditBalance>
            </nl:Account>
            <nl:Account>
                <nl:AccountID>3090</nl:AccountID>
                <nl:AccountDescription>Opptjent, ikke fakturert inntekt</nl:AccountDescription>
                <nl:StandardAccountID>30</nl:StandardAccountID>
                <nl:AccountType>GL</nl:AccountType>
                <nl:OpeningDebitBalance>0.0</nl:OpeningDebitBalance>
                <nl:ClosingDebitBalance>0.0</nl:ClosingDebitBalance>
				<nl:OpeningCreditBalance>0.0</nl:OpeningCreditBalance>
                <nl:ClosingCreditBalance>0.0</nl:ClosingCreditBalance>
            </nl:Account>
            <nl:Account>
                <nl:AccountID>3092</nl:AccountID>
                <nl:AccountDescription>Motkonto salgsinntekt fisk, avgiftspliktig, medium sats</nl:AccountDescription>
                <nl:StandardAccountID>30</nl:StandardAccountID>
                <nl:AccountType>GL</nl:AccountType>
                <nl:OpeningDebitBalance>0.0</nl:OpeningDebitBalance>
                <nl:ClosingDebitBalance>0.0</nl:ClosingDebitBalance>
				<nl:OpeningCreditBalance>0.0</nl:OpeningCreditBalance>
                <nl:ClosingCreditBalance>0.0</nl:ClosingCreditBalance>
            </nl:Account>
            <nl:Account>
                <nl:AccountID>3093</nl:AccountID>
                <nl:AccountDescription>Motkonto salgsinntekt, avgiftspliktig, lav sats</nl:AccountDescription>
                <nl:StandardAccountID>30</nl:StandardAccountID>
                <nl:AccountType>GL</nl:AccountType>
                <nl:OpeningDebitBalance>0.0</nl:OpeningDebitBalance>
                <nl:ClosingDebitBalance>0.0</nl:ClosingDebitBalance>
				<nl:OpeningCreditBalance>0.0</nl:OpeningCreditBalance>
                <nl:ClosingCreditBalance>0.0</nl:ClosingCreditBalance>
            </nl:Account>
            <nl:Account>
                <nl:AccountID>3094</nl:AccountID>
                <nl:AccountDescription>Motkonto salgsinntekt, avgiftspliktig, medium sats</nl:AccountDescription>
                <nl:StandardAccountID>30</nl:StandardAccountID>
                <nl:AccountType>GL</nl:AccountType>
                <nl:OpeningDebitBalance>0.0</nl:OpeningDebitBalance>
                <nl:ClosingDebitBalance>0.0</nl:ClosingDebitBalance>
				<nl:OpeningCreditBalance>0.0</nl:OpeningCreditBalance>
                <nl:ClosingCreditBalance>0.0</nl:ClosingCreditBalance>
            </nl:Account>
            <nl:Account>
                <nl:AccountID>3095</nl:AccountID>
                <nl:AccountDescription>Motkonto salgsinntekt, avgiftspliktig, høy sats</nl:AccountDescription>
                <nl:StandardAccountID>30</nl:StandardAccountID>
                <nl:AccountType>GL</nl:AccountType>
                <nl:OpeningDebitBalance>0.0</nl:OpeningDebitBalance>
                <nl:ClosingDebitBalance>0.0</nl:ClosingDebitBalance>
				<nl:OpeningCreditBalance>0.0</nl:OpeningCreditBalance>
                <nl:ClosingCreditBalance>0.0</nl:ClosingCreditBalance>
            </nl:Account>
            <nl:Account>
                <nl:AccountID>3100</nl:AccountID>
                <nl:AccountDescription>Salgsinntekt, avgiftsfri</nl:AccountDescription>
                <nl:StandardAccountID>31</nl:StandardAccountID>
                <nl:AccountType>GL</nl:AccountType>
                <nl:OpeningDebitBalance>0.0</nl:OpeningDebitBalance>
                <nl:ClosingDebitBalance>0.0</nl:ClosingDebitBalance>
				<nl:OpeningCreditBalance>3046375000</nl:OpeningCreditBalance>
                <nl:ClosingCreditBalance>3190750000</nl:ClosingCreditBalance>
            </nl:Account>
            <nl:Account>
                <nl:AccountID>3107</nl:AccountID>
                <nl:AccountDescription>Salgsinntekt utførsel av varer og tjenester, avgiftsfri</nl:AccountDescription>
                <nl:StandardAccountID>31</nl:StandardAccountID>
                <nl:AccountType>GL</nl:AccountType>
                <nl:OpeningDebitBalance>0.0</nl:OpeningDebitBalance>
                <nl:ClosingDebitBalance>0.0</nl:ClosingDebitBalance>
				<nl:OpeningCreditBalance>0.0</nl:OpeningCreditBalance>
                <nl:ClosingCreditBalance>0.0</nl:ClosingCreditBalance>
            </nl:Account>
            <nl:Account>
                <nl:AccountID>3108</nl:AccountID>
                <nl:AccountDescription>Salgsinntekt gull og klimakvoter, avgiftsfri</nl:AccountDescription>
                <nl:StandardAccountID>31</nl:StandardAccountID>
                <nl:AccountType>GL</nl:AccountType>
                <nl:OpeningDebitBalance>0.0</nl:OpeningDebitBalance>
                <nl:ClosingDebitBalance>0.0</nl:ClosingDebitBalance>
				<nl:OpeningCreditBalance>0.0</nl:OpeningCreditBalance>
                <nl:ClosingCreditBalance>0.0</nl:ClosingCreditBalance>
            </nl:Account>
            <nl:Account>
                <nl:AccountID>3160</nl:AccountID>
                <nl:AccountDescription>Uttak av varer/tjenester</nl:AccountDescription>
                <nl:StandardAccountID>31</nl:StandardAccountID>
                <nl:AccountType>GL</nl:AccountType>
                <nl:OpeningDebitBalance>0.0</nl:OpeningDebitBalance>
                <nl:ClosingDebitBalance>0.0</nl:ClosingDebitBalance>
				<nl:OpeningCreditBalance>0.0</nl:OpeningCreditBalance>
                <nl:ClosingCreditBalance>0.0</nl:ClosingCreditBalance>
            </nl:Account>
            <nl:Account>
                <nl:AccountID>3180</nl:AccountID>
                <nl:AccountDescription>Rabatt og annen salgsinntektsreduksjon</nl:AccountDescription>
                <nl:StandardAccountID>31</nl:StandardAccountID>
                <nl:AccountType>GL</nl:AccountType>
                <nl:OpeningDebitBalance>0.0</nl:OpeningDebitBalance>
                <nl:ClosingDebitBalance>0.0</nl:ClosingDebitBalance>
				<nl:OpeningCreditBalance>0.0</nl:OpeningCreditBalance>
                <nl:ClosingCreditBalance>0.0</nl:ClosingCreditBalance>
            </nl:Account>
            <nl:Account>
                <nl:AccountID>3190</nl:AccountID>
                <nl:AccountDescription>Opptjent, ikke fakturert inntekt</nl:AccountDescription>
                <nl:StandardAccountID>31</nl:StandardAccountID>
                <nl:AccountType>GL</nl:AccountType>
                <nl:OpeningDebitBalance>0.0</nl:OpeningDebitBalance>
                <nl:ClosingDebitBalance>0.0</nl:ClosingDebitBalance>
				<nl:OpeningCreditBalance>0.0</nl:OpeningCreditBalance>
                <nl:ClosingCreditBalance>0.0</nl:ClosingCreditBalance>
            </nl:Account>
            <nl:Account>
                <nl:AccountID>3195</nl:AccountID>
                <nl:AccountDescription>Motkonto salgsinntekt, avgiftsfri</nl:AccountDescription>
                <nl:StandardAccountID>31</nl:StandardAccountID>
                <nl:AccountType>GL</nl:AccountType>
                <nl:OpeningDebitBalance>0.0</nl:OpeningDebitBalance>
                <nl:ClosingDebitBalance>0.0</nl:ClosingDebitBalance>
				<nl:OpeningCreditBalance>0.0</nl:OpeningCreditBalance>
                <nl:ClosingCreditBalance>0.0</nl:ClosingCreditBalance>
            </nl:Account>
            <nl:Account>
                <nl:AccountID>3197</nl:AccountID>
                <nl:AccountDescription>Motkonto salgsinntekt utførsel av varer og tjenester, fritatt fra avgiftsplikt</nl:AccountDescription>
                <nl:StandardAccountID>31</nl:StandardAccountID>
                <nl:AccountType>GL</nl:AccountType>
                <nl:OpeningDebitBalance>0.0</nl:OpeningDebitBalance>
                <nl:ClosingDebitBalance>0.0</nl:ClosingDebitBalance>
				<nl:OpeningCreditBalance>0.0</nl:OpeningCreditBalance>
                <nl:ClosingCreditBalance>0.0</nl:ClosingCreditBalance>
            </nl:Account>
            <nl:Account>
                <nl:AccountID>3198</nl:AccountID>
                <nl:AccountDescription>Motkonto salgsinntekt gull og klimakvoter, omvendt avgiftsplikt</nl:AccountDescription>
                <nl:StandardAccountID>31</nl:StandardAccountID>
                <nl:AccountType>GL</nl:AccountType>
                <nl:OpeningDebitBalance>0.0</nl:OpeningDebitBalance>
                <nl:ClosingDebitBalance>0.0</nl:ClosingDebitBalance>
				<nl:OpeningCreditBalance>0.0</nl:OpeningCreditBalance>
                <nl:ClosingCreditBalance>0.0</nl:ClosingCreditBalance>
            </nl:Account>
            <nl:Account>
                <nl:AccountID>3200</nl:AccountID>
                <nl:AccountDescription>Salgsinntekt, utenfor avgiftsområdet</nl:AccountDescription>
                <nl:StandardAccountID>32</nl:StandardAccountID>
                <nl:AccountType>GL</nl:AccountType>
                <nl:OpeningDebitBalance>0.0</nl:OpeningDebitBalance>
                <nl:ClosingDebitBalance>0.0</nl:ClosingDebitBalance>
				<nl:OpeningCreditBalance>3046375000</nl:OpeningCreditBalance>
                <nl:ClosingCreditBalance>3190750000</nl:ClosingCreditBalance>
            </nl:Account>
            <nl:Account>
                <nl:AccountID>3260</nl:AccountID>
                <nl:AccountDescription>Uttak av varer/tjenester</nl:AccountDescription>
                <nl:StandardAccountID>32</nl:StandardAccountID>
                <nl:AccountType>GL</nl:AccountType>
                <nl:OpeningDebitBalance>0.0</nl:OpeningDebitBalance>
                <nl:ClosingDebitBalance>0.0</nl:ClosingDebitBalance>
				<nl:OpeningCreditBalance>0.0</nl:OpeningCreditBalance>
                <nl:ClosingCreditBalance>0.0</nl:ClosingCreditBalance>
            </nl:Account>
            <nl:Account>
                <nl:AccountID>3280</nl:AccountID>
                <nl:AccountDescription>Rabatt og annen salgsinntektsreduksjon</nl:AccountDescription>
                <nl:StandardAccountID>32</nl:StandardAccountID>
                <nl:AccountType>GL</nl:AccountType>
                <nl:OpeningDebitBalance>0.0</nl:OpeningDebitBalance>
                <nl:ClosingDebitBalance>0.0</nl:ClosingDebitBalance>
				<nl:OpeningCreditBalance>0.0</nl:OpeningCreditBalance>
                <nl:ClosingCreditBalance>0.0</nl:ClosingCreditBalance>
            </nl:Account>
            <nl:Account>
                <nl:AccountID>3290</nl:AccountID>
                <nl:AccountDescription>Opptjent, ikke fakturert inntekt</nl:AccountDescription>
                <nl:StandardAccountID>32</nl:StandardAccountID>
                <nl:AccountType>GL</nl:AccountType>
                <nl:OpeningDebitBalance>0.0</nl:OpeningDebitBalance>
                <nl:ClosingDebitBalance>0.0</nl:ClosingDebitBalance>
				<nl:OpeningCreditBalance>0.0</nl:OpeningCreditBalance>
                <nl:ClosingCreditBalance>0.0</nl:ClosingCreditBalance>
            </nl:Account>
            <nl:Account>
                <nl:AccountID>3295</nl:AccountID>
                <nl:AccountDescription>Motkonto salgsinntekt, utenfor avgiftsområdet</nl:AccountDescription>
                <nl:StandardAccountID>32</nl:StandardAccountID>
                <nl:AccountType>GL</nl:AccountType>
                <nl:OpeningDebitBalance>0.0</nl:OpeningDebitBalance>
                <nl:ClosingDebitBalance>0.0</nl:ClosingDebitBalance>
				<nl:OpeningCreditBalance>0.0</nl:OpeningCreditBalance>
                <nl:ClosingCreditBalance>0.0</nl:ClosingCreditBalance>
            </nl:Account>
            <nl:Account>
                <nl:AccountID>3300</nl:AccountID>
                <nl:AccountDescription>Spesiell offentlig avgift for tilvirkede/solgte varer</nl:AccountDescription>
                <nl:StandardAccountID>33</nl:StandardAccountID>
                <nl:AccountType>GL</nl:AccountType>
                <nl:OpeningDebitBalance>0.0</nl:OpeningDebitBalance>
                <nl:ClosingDebitBalance>0.0</nl:ClosingDebitBalance>
				<nl:OpeningCreditBalance>0.0</nl:OpeningCreditBalance>
                <nl:ClosingCreditBalance>0.0</nl:ClosingCreditBalance>
            </nl:Account>
            <nl:Account>
                <nl:AccountID>3400</nl:AccountID>
                <nl:AccountDescription>Spesielt offentlig tilskudd for tilvirkede/solgte varer</nl:AccountDescription>
                <nl:StandardAccountID>34</nl:StandardAccountID>
                <nl:AccountType>GL</nl:AccountType>
                <nl:OpeningDebitBalance>0.0</nl:OpeningDebitBalance>
                <nl:ClosingDebitBalance>0.0</nl:ClosingDebitBalance>
				<nl:OpeningCreditBalance>0.0</nl:OpeningCreditBalance>
                <nl:ClosingCreditBalance>0.0</nl:ClosingCreditBalance>
            </nl:Account>
            <nl:Account>
                <nl:AccountID>3440</nl:AccountID>
                <nl:AccountDescription>Spesielt offentlig tilskudd for tjeneste</nl:AccountDescription>
                <nl:StandardAccountID>34</nl:StandardAccountID>
                <nl:AccountType>GL</nl:AccountType>
                <nl:OpeningDebitBalance>0.0</nl:OpeningDebitBalance>
                <nl:ClosingDebitBalance>0.0</nl:ClosingDebitBalance>
				<nl:OpeningCreditBalance>0.0</nl:OpeningCreditBalance>
                <nl:ClosingCreditBalance>0.0</nl:ClosingCreditBalance>
            </nl:Account>
            <nl:Account>
                <nl:AccountID>3600</nl:AccountID>
                <nl:AccountDescription>Leieinntekt fast eiendom, avgiftspliktig</nl:AccountDescription>
                <nl:StandardAccountID>36</nl:StandardAccountID>
                <nl:AccountType>GL</nl:AccountType>
                <nl:OpeningDebitBalance>0.0</nl:OpeningDebitBalance>
                <nl:ClosingDebitBalance>0.0</nl:ClosingDebitBalance>
				<nl:OpeningCreditBalance>3046375000</nl:OpeningCreditBalance>
                <nl:ClosingCreditBalance>3190750000</nl:ClosingCreditBalance>
            </nl:Account>
            <nl:Account>
                <nl:AccountID>3605</nl:AccountID>
                <nl:AccountDescription>Leieinntekt fast eiendom utenfor avgiftsområdet</nl:AccountDescription>
                <nl:StandardAccountID>36</nl:StandardAccountID>
                <nl:AccountType>GL</nl:AccountType>
                <nl:OpeningDebitBalance>0.0</nl:OpeningDebitBalance>
                <nl:ClosingDebitBalance>0.0</nl:ClosingDebitBalance>
				<nl:OpeningCreditBalance>0.0</nl:OpeningCreditBalance>
                <nl:ClosingCreditBalance>0.0</nl:ClosingCreditBalance>
            </nl:Account>
            <nl:Account>
                <nl:AccountID>3610</nl:AccountID>
                <nl:AccountDescription>Leieinntekt andre varige driftsmidler avgiftspliktig</nl:AccountDescription>
                <nl:StandardAccountID>36</nl:StandardAccountID>
                <nl:AccountType>GL</nl:AccountType>
                <nl:OpeningDebitBalance>0.0</nl:OpeningDebitBalance>
                <nl:ClosingDebitBalance>0.0</nl:ClosingDebitBalance>
				<nl:OpeningCreditBalance>0.0</nl:OpeningCreditBalance>
                <nl:ClosingCreditBalance>0.0</nl:ClosingCreditBalance>
            </nl:Account>
            <nl:Account>
                <nl:AccountID>3615</nl:AccountID>
                <nl:AccountDescription>Leieinntekt andre varige driftsmidler avgiftsfri</nl:AccountDescription>
                <nl:StandardAccountID>36</nl:StandardAccountID>
                <nl:AccountType>GL</nl:AccountType>
                <nl:OpeningDebitBalance>0.0</nl:OpeningDebitBalance>
                <nl:ClosingDebitBalance>0.0</nl:ClosingDebitBalance>
				<nl:OpeningCreditBalance>0.0</nl:OpeningCreditBalance>
                <nl:ClosingCreditBalance>0.0</nl:ClosingCreditBalance>
            </nl:Account>
            <nl:Account>
                <nl:AccountID>3620</nl:AccountID>
                <nl:AccountDescription>Annen leieinntekt</nl:AccountDescription>
                <nl:StandardAccountID>36</nl:StandardAccountID>
                <nl:AccountType>GL</nl:AccountType>
                <nl:OpeningDebitBalance>0.0</nl:OpeningDebitBalance>
                <nl:ClosingDebitBalance>0.0</nl:ClosingDebitBalance>
				<nl:OpeningCreditBalance>3046375000</nl:OpeningCreditBalance>
                <nl:ClosingCreditBalance>3190750000</nl:ClosingCreditBalance>
            </nl:Account>
            <nl:Account>
                <nl:AccountID>3690</nl:AccountID>
                <nl:AccountDescription>Opptjent, ikke fakturert leieinntekt</nl:AccountDescription>
                <nl:StandardAccountID>36</nl:StandardAccountID>
                <nl:AccountType>GL</nl:AccountType>
                <nl:OpeningDebitBalance>0.0</nl:OpeningDebitBalance>
                <nl:ClosingDebitBalance>0.0</nl:ClosingDebitBalance>
				<nl:OpeningCreditBalance>0.0</nl:OpeningCreditBalance>
                <nl:ClosingCreditBalance>0.0</nl:ClosingCreditBalance>
            </nl:Account>
            <nl:Account>
                <nl:AccountID>3700</nl:AccountID>
                <nl:AccountDescription>Provisjonsinntekt, avgiftspliktig</nl:AccountDescription>
                <nl:StandardAccountID>37</nl:StandardAccountID>
                <nl:AccountType>GL</nl:AccountType>
                <nl:OpeningDebitBalance>0.0</nl:OpeningDebitBalance>
                <nl:ClosingDebitBalance>0.0</nl:ClosingDebitBalance>
				<nl:OpeningCreditBalance>0.0</nl:OpeningCreditBalance>
                <nl:ClosingCreditBalance>0.0</nl:ClosingCreditBalance>
            </nl:Account>
            <nl:Account>
                <nl:AccountID>3705</nl:AccountID>
                <nl:AccountDescription>Provisjonsinntekt, avgiftsfri</nl:AccountDescription>
                <nl:StandardAccountID>37</nl:StandardAccountID>
                <nl:AccountType>GL</nl:AccountType>
                <nl:OpeningDebitBalance>0.0</nl:OpeningDebitBalance>
                <nl:ClosingDebitBalance>0.0</nl:ClosingDebitBalance>
				<nl:OpeningCreditBalance>0.0</nl:OpeningCreditBalance>
                <nl:ClosingCreditBalance>0.0</nl:ClosingCreditBalance>
            </nl:Account>
            <nl:Account>
                <nl:AccountID>3710</nl:AccountID>
                <nl:AccountDescription>Provisjonsinntekt, utenfor avgiftsområdet</nl:AccountDescription>
                <nl:StandardAccountID>37</nl:StandardAccountID>
                <nl:AccountType>GL</nl:AccountType>
                <nl:OpeningDebitBalance>0.0</nl:OpeningDebitBalance>
                <nl:ClosingDebitBalance>0.0</nl:ClosingDebitBalance>
				<nl:OpeningCreditBalance>0.0</nl:OpeningCreditBalance>
                <nl:ClosingCreditBalance>0.0</nl:ClosingCreditBalance>
            </nl:Account>
            <nl:Account>
                <nl:AccountID>3790</nl:AccountID>
                <nl:AccountDescription>Opptjent, ikke fakturert provisjon</nl:AccountDescription>
                <nl:StandardAccountID>37</nl:StandardAccountID>
                <nl:AccountType>GL</nl:AccountType>
                <nl:OpeningDebitBalance>0.0</nl:OpeningDebitBalance>
                <nl:ClosingDebitBalance>0.0</nl:ClosingDebitBalance>
				<nl:OpeningCreditBalance>0.0</nl:OpeningCreditBalance>
                <nl:ClosingCreditBalance>0.0</nl:ClosingCreditBalance>
            </nl:Account>
            <nl:Account>
                <nl:AccountID>3800</nl:AccountID>
                <nl:AccountDescription>Salgssum anleggsmidler, avgiftspliktig</nl:AccountDescription>
                <nl:StandardAccountID>38</nl:StandardAccountID>
                <nl:AccountType>GL</nl:AccountType>
                <nl:OpeningDebitBalance>0.0</nl:OpeningDebitBalance>
                <nl:ClosingDebitBalance>0.0</nl:ClosingDebitBalance>
				<nl:OpeningCreditBalance>0.0</nl:OpeningCreditBalance>
                <nl:ClosingCreditBalance>0.0</nl:ClosingCreditBalance>
            </nl:Account>
            <nl:Account>
                <nl:AccountID>3805</nl:AccountID>
                <nl:AccountDescription>Salgssum anleggsmidler, avgiftsfri</nl:AccountDescription>
                <nl:StandardAccountID>38</nl:StandardAccountID>
                <nl:AccountType>GL</nl:AccountType>
                <nl:OpeningDebitBalance>0.0</nl:OpeningDebitBalance>
                <nl:ClosingDebitBalance>0.0</nl:ClosingDebitBalance>
				<nl:OpeningCreditBalance>0.0</nl:OpeningCreditBalance>
                <nl:ClosingCreditBalance>0.0</nl:ClosingCreditBalance>
            </nl:Account>
            <nl:Account>
                <nl:AccountID>3807</nl:AccountID>
                <nl:AccountDescription>Salgssum anleggsmidler, utenfor avgiftsområdet</nl:AccountDescription>
                <nl:StandardAccountID>38</nl:StandardAccountID>
                <nl:AccountType>GL</nl:AccountType>
                <nl:OpeningDebitBalance>0.0</nl:OpeningDebitBalance>
                <nl:ClosingDebitBalance>0.0</nl:ClosingDebitBalance>
				<nl:OpeningCreditBalance>0.0</nl:OpeningCreditBalance>
                <nl:ClosingCreditBalance>0.0</nl:ClosingCreditBalance>
            </nl:Account>
            <nl:Account>
                <nl:AccountID>3809</nl:AccountID>
                <nl:AccountDescription>Motkonto, balanseverdi solgte anleggsmidler</nl:AccountDescription>
                <nl:StandardAccountID>38</nl:StandardAccountID>
                <nl:AccountType>GL</nl:AccountType>
                <nl:OpeningDebitBalance>0.0</nl:OpeningDebitBalance>
                <nl:ClosingDebitBalance>0.0</nl:ClosingDebitBalance>
				<nl:OpeningCreditBalance>0.0</nl:OpeningCreditBalance>
                <nl:ClosingCreditBalance>0.0</nl:ClosingCreditBalance>
            </nl:Account>
            <nl:Account>
                <nl:AccountID>3850</nl:AccountID>
                <nl:AccountDescription>Verdiendringer investeringseiendommer</nl:AccountDescription>
                <nl:StandardAccountID>38</nl:StandardAccountID>
                <nl:AccountType>GL</nl:AccountType>
                <nl:OpeningDebitBalance>0.0</nl:OpeningDebitBalance>
                <nl:ClosingDebitBalance>0.0</nl:ClosingDebitBalance>
				<nl:OpeningCreditBalance>3046375000</nl:OpeningCreditBalance>
                <nl:ClosingCreditBalance>3190750000</nl:ClosingCreditBalance>
            </nl:Account>
            <nl:Account>
                <nl:AccountID>3870</nl:AccountID>
                <nl:AccountDescription>Verdiendringer biologiske eiendeler</nl:AccountDescription>
                <nl:StandardAccountID>38</nl:StandardAccountID>
                <nl:AccountType>GL</nl:AccountType>
                <nl:OpeningDebitBalance>0.0</nl:OpeningDebitBalance>
                <nl:ClosingDebitBalance>0.0</nl:ClosingDebitBalance>
				<nl:OpeningCreditBalance>0.0</nl:OpeningCreditBalance>
                <nl:ClosingCreditBalance>0.0</nl:ClosingCreditBalance>
            </nl:Account>
            <nl:Account>
                <nl:AccountID>3900</nl:AccountID>
                <nl:AccountDescription>Annen driftsrelatert inntekt</nl:AccountDescription>
                <nl:StandardAccountID>39</nl:StandardAccountID>
                <nl:AccountType>GL</nl:AccountType>
                <nl:OpeningDebitBalance>0.0</nl:OpeningDebitBalance>
                <nl:ClosingDebitBalance>0.0</nl:ClosingDebitBalance>
				<nl:OpeningCreditBalance>3046375000</nl:OpeningCreditBalance>
                <nl:ClosingCreditBalance>3190750000</nl:ClosingCreditBalance>
            </nl:Account>
            <nl:Account>
                <nl:AccountID>4000</nl:AccountID>
                <nl:AccountDescription>Innkjøp av råvarer og halvfabrikater</nl:AccountDescription>
                <nl:StandardAccountID>40</nl:StandardAccountID>
                <nl:AccountType>GL</nl:AccountType>
                <nl:OpeningDebitBalance>1295750000‬</nl:OpeningDebitBalance>
                <nl:ClosingDebitBalance>1451500000</nl:ClosingDebitBalance>
				<nl:OpeningCreditBalance>0.0</nl:OpeningCreditBalance>
                <nl:ClosingCreditBalance>0.0</nl:ClosingCreditBalance>
            </nl:Account>
            <nl:Account>
                <nl:AccountID>4060</nl:AccountID>
                <nl:AccountDescription>Frakt, toll og spedisjon</nl:AccountDescription>
                <nl:StandardAccountID>40</nl:StandardAccountID>
                <nl:AccountType>GL</nl:AccountType>
                <nl:OpeningDebitBalance>0.0</nl:OpeningDebitBalance>
                <nl:ClosingDebitBalance>0.0</nl:ClosingDebitBalance>
				<nl:OpeningCreditBalance>0.0</nl:OpeningCreditBalance>
                <nl:ClosingCreditBalance>0.0</nl:ClosingCreditBalance>
            </nl:Account>
            <nl:Account>
                <nl:AccountID>4070</nl:AccountID>
                <nl:AccountDescription>Innkjøpsprisreduksjon</nl:AccountDescription>
                <nl:StandardAccountID>40</nl:StandardAccountID>
                <nl:AccountType>GL</nl:AccountType>
                <nl:OpeningDebitBalance>0.0</nl:OpeningDebitBalance>
                <nl:ClosingDebitBalance>0.0</nl:ClosingDebitBalance>
				<nl:OpeningCreditBalance>0.0</nl:OpeningCreditBalance>
                <nl:ClosingCreditBalance>0.0</nl:ClosingCreditBalance>
            </nl:Account>
            <nl:Account>
                <nl:AccountID>4090</nl:AccountID>
                <nl:AccountDescription>Beholdningsendring</nl:AccountDescription>
                <nl:StandardAccountID>40</nl:StandardAccountID>
                <nl:AccountType>GL</nl:AccountType>
                <nl:OpeningDebitBalance>0.0</nl:OpeningDebitBalance>
                <nl:ClosingDebitBalance>0.0</nl:ClosingDebitBalance>
				<nl:OpeningCreditBalance>0.0</nl:OpeningCreditBalance>
                <nl:ClosingCreditBalance>0.0</nl:ClosingCreditBalance>
            </nl:Account>
            <nl:Account>
                <nl:AccountID>4100</nl:AccountID>
                <nl:AccountDescription>Innkjøp varer under tilvirkning</nl:AccountDescription>
                <nl:StandardAccountID>41</nl:StandardAccountID>
                <nl:AccountType>GL</nl:AccountType>
                <nl:OpeningDebitBalance>0.0</nl:OpeningDebitBalance>
                <nl:ClosingDebitBalance>0.0</nl:ClosingDebitBalance>
				<nl:OpeningCreditBalance>0.0</nl:OpeningCreditBalance>
                <nl:ClosingCreditBalance>0.0</nl:ClosingCreditBalance>
            </nl:Account>
            <nl:Account>
                <nl:AccountID>4160</nl:AccountID>
                <nl:AccountDescription>Frakt, toll og spedisjon</nl:AccountDescription>
                <nl:StandardAccountID>41</nl:StandardAccountID>
                <nl:AccountType>GL</nl:AccountType>
                <nl:OpeningDebitBalance>0.0</nl:OpeningDebitBalance>
                <nl:ClosingDebitBalance>0.0</nl:ClosingDebitBalance>
				<nl:OpeningCreditBalance>0.0</nl:OpeningCreditBalance>
                <nl:ClosingCreditBalance>0.0</nl:ClosingCreditBalance>
            </nl:Account>
            <nl:Account>
                <nl:AccountID>4170</nl:AccountID>
                <nl:AccountDescription>Innkjøpsprisreduksjon</nl:AccountDescription>
                <nl:StandardAccountID>41</nl:StandardAccountID>
                <nl:AccountType>GL</nl:AccountType>
                <nl:OpeningDebitBalance>0.0</nl:OpeningDebitBalance>
                <nl:ClosingDebitBalance>0.0</nl:ClosingDebitBalance>
				<nl:OpeningCreditBalance>0.0</nl:OpeningCreditBalance>
                <nl:ClosingCreditBalance>0.0</nl:ClosingCreditBalance>
            </nl:Account>
            <nl:Account>
                <nl:AccountID>4190</nl:AccountID>
                <nl:AccountDescription>Beholdningsendring</nl:AccountDescription>
                <nl:StandardAccountID>41</nl:StandardAccountID>
                <nl:AccountType>GL</nl:AccountType>
                <nl:OpeningDebitBalance>0.0</nl:OpeningDebitBalance>
                <nl:ClosingDebitBalance>0.0</nl:ClosingDebitBalance>
				<nl:OpeningCreditBalance>0.0</nl:OpeningCreditBalance>
                <nl:ClosingCreditBalance>0.0</nl:ClosingCreditBalance>
            </nl:Account>
            <nl:Account>
                <nl:AccountID>4200</nl:AccountID>
                <nl:AccountDescription>Innkjøp ferdig egentilvirkede varer</nl:AccountDescription>
                <nl:StandardAccountID>42</nl:StandardAccountID>
                <nl:AccountType>GL</nl:AccountType>
                <nl:OpeningDebitBalance>0.0</nl:OpeningDebitBalance>
                <nl:ClosingDebitBalance>0.0</nl:ClosingDebitBalance>
				<nl:OpeningCreditBalance>0.0</nl:OpeningCreditBalance>
                <nl:ClosingCreditBalance>0.0</nl:ClosingCreditBalance>
            </nl:Account>
            <nl:Account>
                <nl:AccountID>4260</nl:AccountID>
                <nl:AccountDescription>Frakt, toll og spedisjon</nl:AccountDescription>
                <nl:StandardAccountID>42</nl:StandardAccountID>
                <nl:AccountType>GL</nl:AccountType>
                <nl:OpeningDebitBalance>0.0</nl:OpeningDebitBalance>
                <nl:ClosingDebitBalance>0.0</nl:ClosingDebitBalance>
				<nl:OpeningCreditBalance>0.0</nl:OpeningCreditBalance>
                <nl:ClosingCreditBalance>0.0</nl:ClosingCreditBalance>
            </nl:Account>
            <nl:Account>
                <nl:AccountID>4270</nl:AccountID>
                <nl:AccountDescription>Innkjøpsprisreduksjon</nl:AccountDescription>
                <nl:StandardAccountID>42</nl:StandardAccountID>
                <nl:AccountType>GL</nl:AccountType>
                <nl:OpeningDebitBalance>0.0</nl:OpeningDebitBalance>
                <nl:ClosingDebitBalance>0.0</nl:ClosingDebitBalance>
				<nl:OpeningCreditBalance>0.0</nl:OpeningCreditBalance>
                <nl:ClosingCreditBalance>0.0</nl:ClosingCreditBalance>
            </nl:Account>
            <nl:Account>
                <nl:AccountID>4290</nl:AccountID>
                <nl:AccountDescription>Beholdningsendring</nl:AccountDescription>
                <nl:StandardAccountID>42</nl:StandardAccountID>
                <nl:AccountType>GL</nl:AccountType>
                <nl:OpeningDebitBalance>0.0</nl:OpeningDebitBalance>
                <nl:ClosingDebitBalance>0.0</nl:ClosingDebitBalance>
				<nl:OpeningCreditBalance>0.0</nl:OpeningCreditBalance>
                <nl:ClosingCreditBalance>0.0</nl:ClosingCreditBalance>
            </nl:Account>
            <nl:Account>
                <nl:AccountID>4300</nl:AccountID>
                <nl:AccountDescription>Innkjøp av varer for videresalg</nl:AccountDescription>
                <nl:StandardAccountID>43</nl:StandardAccountID>
                <nl:AccountType>GL</nl:AccountType>
                <nl:OpeningDebitBalance>1295750000</nl:OpeningDebitBalance>
                <nl:ClosingDebitBalance>1451500000</nl:ClosingDebitBalance>
				<nl:OpeningCreditBalance>0.0</nl:OpeningCreditBalance>
                <nl:ClosingCreditBalance>0.0</nl:ClosingCreditBalance>
            </nl:Account>
            <nl:Account>
                <nl:AccountID>4301</nl:AccountID>
                <nl:AccountDescription>Innkjøp av varer for videresalg, middels sats</nl:AccountDescription>
                <nl:StandardAccountID>43</nl:StandardAccountID>
                <nl:AccountType>GL</nl:AccountType>
                <nl:OpeningDebitBalance>0.0</nl:OpeningDebitBalance>
                <nl:ClosingDebitBalance>0.0</nl:ClosingDebitBalance>
				<nl:OpeningCreditBalance>0.0</nl:OpeningCreditBalance>
                <nl:ClosingCreditBalance>0.0</nl:ClosingCreditBalance>
            </nl:Account>
            <nl:Account>
                <nl:AccountID>4350</nl:AccountID>
                <nl:AccountDescription>Svinn, tap</nl:AccountDescription>
                <nl:StandardAccountID>43</nl:StandardAccountID>
                <nl:AccountType>GL</nl:AccountType>
                <nl:OpeningDebitBalance>0.0</nl:OpeningDebitBalance>
                <nl:ClosingDebitBalance>0.0</nl:ClosingDebitBalance>
				<nl:OpeningCreditBalance>0.0</nl:OpeningCreditBalance>
                <nl:ClosingCreditBalance>0.0</nl:ClosingCreditBalance>
            </nl:Account>
            <nl:Account>
                <nl:AccountID>4360</nl:AccountID>
                <nl:AccountDescription>Frakt, toll og spedisjon</nl:AccountDescription>
                <nl:StandardAccountID>43</nl:StandardAccountID>
                <nl:AccountType>GL</nl:AccountType>
                <nl:OpeningDebitBalance>0.0</nl:OpeningDebitBalance>
                <nl:ClosingDebitBalance>0.0</nl:ClosingDebitBalance>
				<nl:OpeningCreditBalance>0.0</nl:OpeningCreditBalance>
                <nl:ClosingCreditBalance>0.0</nl:ClosingCreditBalance>
            </nl:Account>
            <nl:Account>
                <nl:AccountID>4370</nl:AccountID>
                <nl:AccountDescription>Innkjøpsprisreduksjon</nl:AccountDescription>
                <nl:StandardAccountID>43</nl:StandardAccountID>
                <nl:AccountType>GL</nl:AccountType>
                <nl:OpeningDebitBalance>0.0</nl:OpeningDebitBalance>
                <nl:ClosingDebitBalance>0.0</nl:ClosingDebitBalance>
				<nl:OpeningCreditBalance>0.0</nl:OpeningCreditBalance>
                <nl:ClosingCreditBalance>0.0</nl:ClosingCreditBalance>
            </nl:Account>
            <nl:Account>
                <nl:AccountID>4380</nl:AccountID>
                <nl:AccountDescription>Grunnlag merverdiavgift ved innførsel</nl:AccountDescription>
                <nl:StandardAccountID>43</nl:StandardAccountID>
                <nl:AccountType>GL</nl:AccountType>
                <nl:OpeningDebitBalance>0.0</nl:OpeningDebitBalance>
                <nl:ClosingDebitBalance>0.0</nl:ClosingDebitBalance>
				<nl:OpeningCreditBalance>0.0</nl:OpeningCreditBalance>
                <nl:ClosingCreditBalance>0.0</nl:ClosingCreditBalance>
            </nl:Account>
            <nl:Account>
                <nl:AccountID>4390</nl:AccountID>
                <nl:AccountDescription>Beholdningsendring</nl:AccountDescription>
                <nl:StandardAccountID>43</nl:StandardAccountID>
                <nl:AccountType>GL</nl:AccountType>
                <nl:OpeningDebitBalance>0.0</nl:OpeningDebitBalance>
                <nl:ClosingDebitBalance>0.0</nl:ClosingDebitBalance>
				<nl:OpeningCreditBalance>0.0</nl:OpeningCreditBalance>
                <nl:ClosingCreditBalance>0.0</nl:ClosingCreditBalance>
            </nl:Account>
            <nl:Account>
                <nl:AccountID>4400</nl:AccountID>
                <nl:AccountDescription>Innkjøp av varer for videresalg - utland</nl:AccountDescription>
                <nl:StandardAccountID>43</nl:StandardAccountID>
                <nl:AccountType>GL</nl:AccountType>
                <nl:OpeningDebitBalance>1295750000</nl:OpeningDebitBalance>
                <nl:ClosingDebitBalance>1451500000</nl:ClosingDebitBalance>
				<nl:OpeningCreditBalance>0.0</nl:OpeningCreditBalance>
                <nl:ClosingCreditBalance>0.0</nl:ClosingCreditBalance>
            </nl:Account>
            <nl:Account>
                <nl:AccountID>4500</nl:AccountID>
                <nl:AccountDescription>Fremmedytelse og underentreprise</nl:AccountDescription>
                <nl:StandardAccountID>45</nl:StandardAccountID>
                <nl:AccountType>GL</nl:AccountType>
                <nl:OpeningDebitBalance>0.0</nl:OpeningDebitBalance>
                <nl:ClosingDebitBalance>0.0</nl:ClosingDebitBalance>
				<nl:OpeningCreditBalance>0.0</nl:OpeningCreditBalance>
                <nl:ClosingCreditBalance>0.0</nl:ClosingCreditBalance>
            </nl:Account>
            <nl:Account>
                <nl:AccountID>4520</nl:AccountID>
                <nl:AccountDescription>Under-entreprenører oppgavepliktig</nl:AccountDescription>
                <nl:StandardAccountID>45</nl:StandardAccountID>
                <nl:AccountType>GL</nl:AccountType>
                <nl:OpeningDebitBalance>0.0</nl:OpeningDebitBalance>
                <nl:ClosingDebitBalance>0.0</nl:ClosingDebitBalance>
				<nl:OpeningCreditBalance>0.0</nl:OpeningCreditBalance>
                <nl:ClosingCreditBalance>0.0</nl:ClosingCreditBalance>
            </nl:Account>
            <nl:Account>
                <nl:AccountID>4590</nl:AccountID>
                <nl:AccountDescription>Beholdningsendring</nl:AccountDescription>
                <nl:StandardAccountID>45</nl:StandardAccountID>
                <nl:AccountType>GL</nl:AccountType>
                <nl:OpeningDebitBalance>0.0</nl:OpeningDebitBalance>
                <nl:ClosingDebitBalance>0.0</nl:ClosingDebitBalance>
				<nl:OpeningCreditBalance>0.0</nl:OpeningCreditBalance>
                <nl:ClosingCreditBalance>0.0</nl:ClosingCreditBalance>
            </nl:Account>
            <nl:Account>
                <nl:AccountID>4900</nl:AccountID>
                <nl:AccountDescription>Annen periodisering</nl:AccountDescription>
                <nl:StandardAccountID>49</nl:StandardAccountID>
                <nl:AccountType>GL</nl:AccountType>
                <nl:OpeningDebitBalance>1295750000</nl:OpeningDebitBalance>
                <nl:ClosingDebitBalance>1451500000</nl:ClosingDebitBalance>
				<nl:OpeningCreditBalance>0.0</nl:OpeningCreditBalance>
                <nl:ClosingCreditBalance>0.0</nl:ClosingCreditBalance>
            </nl:Account>
            <nl:Account>
                <nl:AccountID>4990</nl:AccountID>
                <nl:AccountDescription>Beholdningsendring egentilvirkede anleggsmidler</nl:AccountDescription>
                <nl:StandardAccountID>49</nl:StandardAccountID>
                <nl:AccountType>GL</nl:AccountType>
                <nl:OpeningDebitBalance>0.0</nl:OpeningDebitBalance>
                <nl:ClosingDebitBalance>0.0</nl:ClosingDebitBalance>
				<nl:OpeningCreditBalance>0.0</nl:OpeningCreditBalance>
                <nl:ClosingCreditBalance>0.0</nl:ClosingCreditBalance>
            </nl:Account>
            <nl:Account>
                <nl:AccountID>5000</nl:AccountID>
                <nl:AccountDescription>Lønn til ansatte</nl:AccountDescription>
                <nl:StandardAccountID>50</nl:StandardAccountID>
                <nl:AccountType>GL</nl:AccountType>
                <nl:OpeningDebitBalance>2000000000</nl:OpeningDebitBalance>
                <nl:ClosingDebitBalance>3000000000</nl:ClosingDebitBalance>
				<nl:OpeningCreditBalance>0.0</nl:OpeningCreditBalance>
                <nl:ClosingCreditBalance>0.0</nl:ClosingCreditBalance>
            </nl:Account>
            <nl:Account>
                <nl:AccountID>5020</nl:AccountID>
                <nl:AccountDescription>Feriepenger</nl:AccountDescription>
                <nl:StandardAccountID>50</nl:StandardAccountID>
                <nl:AccountType>GL</nl:AccountType>
                <nl:OpeningDebitBalance>777000000</nl:OpeningDebitBalance>
                <nl:ClosingDebitBalance>113000000</nl:ClosingDebitBalance>
				<nl:OpeningCreditBalance>0.0</nl:OpeningCreditBalance>
                <nl:ClosingCreditBalance>0.0</nl:ClosingCreditBalance>
            </nl:Account>
            <nl:Account>
                <nl:AccountID>5030</nl:AccountID>
                <nl:AccountDescription>Sykepenger</nl:AccountDescription>
                <nl:StandardAccountID>50</nl:StandardAccountID>
                <nl:AccountType>GL</nl:AccountType>
                <nl:OpeningDebitBalance>0.0</nl:OpeningDebitBalance>
                <nl:ClosingDebitBalance>0.0</nl:ClosingDebitBalance>
				<nl:OpeningCreditBalance>0.0</nl:OpeningCreditBalance>
                <nl:ClosingCreditBalance>0.0</nl:ClosingCreditBalance>
            </nl:Account>
            <nl:Account>
                <nl:AccountID>5090</nl:AccountID>
                <nl:AccountDescription>Påløpt, ikke utbetalt lønn</nl:AccountDescription>
                <nl:StandardAccountID>50</nl:StandardAccountID>
                <nl:AccountType>GL</nl:AccountType>
                <nl:OpeningDebitBalance>0.0</nl:OpeningDebitBalance>
                <nl:ClosingDebitBalance>0.0</nl:ClosingDebitBalance>
				<nl:OpeningCreditBalance>0.0</nl:OpeningCreditBalance>
                <nl:ClosingCreditBalance>0.0</nl:ClosingCreditBalance>
            </nl:Account>
            <nl:Account>
                <nl:AccountID>5091</nl:AccountID>
                <nl:AccountDescription>Påløpte feriepenger av ikke utbetalt lønn</nl:AccountDescription>
                <nl:StandardAccountID>50</nl:StandardAccountID>
                <nl:AccountType>GL</nl:AccountType>
                <nl:OpeningDebitBalance>0.0</nl:OpeningDebitBalance>
                <nl:ClosingDebitBalance>0.0</nl:ClosingDebitBalance>
				<nl:OpeningCreditBalance>0.0</nl:OpeningCreditBalance>
                <nl:ClosingCreditBalance>0.0</nl:ClosingCreditBalance>
            </nl:Account>
            <nl:Account>
                <nl:AccountID>5095</nl:AccountID>
                <nl:AccountDescription>Periodisering av lønn</nl:AccountDescription>
                <nl:StandardAccountID>50</nl:StandardAccountID>
                <nl:AccountType>GL</nl:AccountType>
                <nl:OpeningDebitBalance>0.0</nl:OpeningDebitBalance>
                <nl:ClosingDebitBalance>0.0</nl:ClosingDebitBalance>
				<nl:OpeningCreditBalance>0.0</nl:OpeningCreditBalance>
                <nl:ClosingCreditBalance>0.0</nl:ClosingCreditBalance>
            </nl:Account>
            <nl:Account>
                <nl:AccountID>5096</nl:AccountID>
                <nl:AccountDescription>Periodisering av feriepenger</nl:AccountDescription>
                <nl:StandardAccountID>50</nl:StandardAccountID>
                <nl:AccountType>GL</nl:AccountType>
                <nl:OpeningDebitBalance>0.0</nl:OpeningDebitBalance>
                <nl:ClosingDebitBalance>0.0</nl:ClosingDebitBalance>
				<nl:OpeningCreditBalance>0.0</nl:OpeningCreditBalance>
                <nl:ClosingCreditBalance>0.0</nl:ClosingCreditBalance>
            </nl:Account>
            <nl:Account>
                <nl:AccountID>5099</nl:AccountID>
                <nl:AccountDescription>Andre lønnsperiodiseringer</nl:AccountDescription>
                <nl:StandardAccountID>50</nl:StandardAccountID>
                <nl:AccountType>GL</nl:AccountType>
                <nl:OpeningDebitBalance>0.0</nl:OpeningDebitBalance>
                <nl:ClosingDebitBalance>0.0</nl:ClosingDebitBalance>
				<nl:OpeningCreditBalance>0.0</nl:OpeningCreditBalance>
                <nl:ClosingCreditBalance>0.0</nl:ClosingCreditBalance>
            </nl:Account>
            <nl:Account>
                <nl:AccountID>5200</nl:AccountID>
                <nl:AccountDescription>Fri bil</nl:AccountDescription>
                <nl:StandardAccountID>52</nl:StandardAccountID>
                <nl:AccountType>GL</nl:AccountType>
                <nl:OpeningDebitBalance>0.0</nl:OpeningDebitBalance>
                <nl:ClosingDebitBalance>0.0</nl:ClosingDebitBalance>
				<nl:OpeningCreditBalance>0.0</nl:OpeningCreditBalance>
                <nl:ClosingCreditBalance>0.0</nl:ClosingCreditBalance>
            </nl:Account>
            <nl:Account>
                <nl:AccountID>5210</nl:AccountID>
                <nl:AccountDescription>Fri telefon</nl:AccountDescription>
                <nl:StandardAccountID>52</nl:StandardAccountID>
                <nl:AccountType>GL</nl:AccountType>
                <nl:OpeningDebitBalance>0.0</nl:OpeningDebitBalance>
                <nl:ClosingDebitBalance>0.0</nl:ClosingDebitBalance>
				<nl:OpeningCreditBalance>0.0</nl:OpeningCreditBalance>
                <nl:ClosingCreditBalance>0.0</nl:ClosingCreditBalance>
            </nl:Account>
            <nl:Account>
                <nl:AccountID>5220</nl:AccountID>
                <nl:AccountDescription>Fri avis</nl:AccountDescription>
                <nl:StandardAccountID>52</nl:StandardAccountID>
                <nl:AccountType>GL</nl:AccountType>
                <nl:OpeningDebitBalance>0.0</nl:OpeningDebitBalance>
                <nl:ClosingDebitBalance>0.0</nl:ClosingDebitBalance>
				<nl:OpeningCreditBalance>0.0</nl:OpeningCreditBalance>
                <nl:ClosingCreditBalance>0.0</nl:ClosingCreditBalance>
            </nl:Account>
            <nl:Account>
                <nl:AccountID>5230</nl:AccountID>
                <nl:AccountDescription>Fri kost, losji og bolig</nl:AccountDescription>
                <nl:StandardAccountID>52</nl:StandardAccountID>
                <nl:AccountType>GL</nl:AccountType>
                <nl:OpeningDebitBalance>0.0</nl:OpeningDebitBalance>
                <nl:ClosingDebitBalance>0.0</nl:ClosingDebitBalance>
				<nl:OpeningCreditBalance>0.0</nl:OpeningCreditBalance>
                <nl:ClosingCreditBalance>0.0</nl:ClosingCreditBalance>
            </nl:Account>
            <nl:Account>
                <nl:AccountID>5240</nl:AccountID>
                <nl:AccountDescription>Rentefordel</nl:AccountDescription>
                <nl:StandardAccountID>52</nl:StandardAccountID>
                <nl:AccountType>GL</nl:AccountType>
                <nl:OpeningDebitBalance>0.0</nl:OpeningDebitBalance>
                <nl:ClosingDebitBalance>0.0</nl:ClosingDebitBalance>
				<nl:OpeningCreditBalance>0.0</nl:OpeningCreditBalance>
                <nl:ClosingCreditBalance>0.0</nl:ClosingCreditBalance>
            </nl:Account>
            <nl:Account>
                <nl:AccountID>5251</nl:AccountID>
                <nl:AccountDescription>Gruppelivsforsikring</nl:AccountDescription>
                <nl:StandardAccountID>52</nl:StandardAccountID>
                <nl:AccountType>GL</nl:AccountType>
                <nl:OpeningDebitBalance>0.0</nl:OpeningDebitBalance>
                <nl:ClosingDebitBalance>0.0</nl:ClosingDebitBalance>
				<nl:OpeningCreditBalance>0.0</nl:OpeningCreditBalance>
                <nl:ClosingCreditBalance>0.0</nl:ClosingCreditBalance>
            </nl:Account>
            <nl:Account>
                <nl:AccountID>5252</nl:AccountID>
                <nl:AccountDescription>Ulykkesforsikring</nl:AccountDescription>
                <nl:StandardAccountID>52</nl:StandardAccountID>
                <nl:AccountType>GL</nl:AccountType>
                <nl:OpeningDebitBalance>0.0</nl:OpeningDebitBalance>
                <nl:ClosingDebitBalance>0.0</nl:ClosingDebitBalance>
				<nl:OpeningCreditBalance>0.0</nl:OpeningCreditBalance>
                <nl:ClosingCreditBalance>0.0</nl:ClosingCreditBalance>
            </nl:Account>
            <nl:Account>
                <nl:AccountID>5280</nl:AccountID>
                <nl:AccountDescription>Annen fordel i arbeidsforhold</nl:AccountDescription>
                <nl:StandardAccountID>52</nl:StandardAccountID>
                <nl:AccountType>GL</nl:AccountType>
                <nl:OpeningDebitBalance>0.0</nl:OpeningDebitBalance>
                <nl:ClosingDebitBalance>0.0</nl:ClosingDebitBalance>
				<nl:OpeningCreditBalance>0.0</nl:OpeningCreditBalance>
                <nl:ClosingCreditBalance>0.0</nl:ClosingCreditBalance>
            </nl:Account>
            <nl:Account>
                <nl:AccountID>5285</nl:AccountID>
                <nl:AccountDescription>Annen fordel i arbeidsforhold - ikke arbeidsgiveravgiftspliktig</nl:AccountDescription>
                <nl:StandardAccountID>52</nl:StandardAccountID>
                <nl:AccountType>GL</nl:AccountType>
                <nl:OpeningDebitBalance>0.0</nl:OpeningDebitBalance>
                <nl:ClosingDebitBalance>0.0</nl:ClosingDebitBalance>
				<nl:OpeningCreditBalance>0.0</nl:OpeningCreditBalance>
                <nl:ClosingCreditBalance>0.0</nl:ClosingCreditBalance>
            </nl:Account>
            <nl:Account>
                <nl:AccountID>5290</nl:AccountID>
                <nl:AccountDescription>Motkonto for gruppe 52</nl:AccountDescription>
                <nl:StandardAccountID>52</nl:StandardAccountID>
                <nl:AccountType>GL</nl:AccountType>
                <nl:OpeningDebitBalance>0.0</nl:OpeningDebitBalance>
                <nl:ClosingDebitBalance>0.0</nl:ClosingDebitBalance>
				<nl:OpeningCreditBalance>0.0</nl:OpeningCreditBalance>
                <nl:ClosingCreditBalance>0.0</nl:ClosingCreditBalance>
            </nl:Account>
            <nl:Account>
                <nl:AccountID>5300</nl:AccountID>
                <nl:AccountDescription>Tantieme</nl:AccountDescription>
                <nl:StandardAccountID>53</nl:StandardAccountID>
                <nl:AccountType>GL</nl:AccountType>
                <nl:OpeningDebitBalance>0.0</nl:OpeningDebitBalance>
                <nl:ClosingDebitBalance>0.0</nl:ClosingDebitBalance>
				<nl:OpeningCreditBalance>0.0</nl:OpeningCreditBalance>
                <nl:ClosingCreditBalance>0.0</nl:ClosingCreditBalance>
            </nl:Account>
            <nl:Account>
                <nl:AccountID>5310</nl:AccountID>
                <nl:AccountDescription>Gruppelivsforsikring</nl:AccountDescription>
                <nl:StandardAccountID>53</nl:StandardAccountID>
                <nl:AccountType>GL</nl:AccountType>
                <nl:OpeningDebitBalance>0.0</nl:OpeningDebitBalance>
                <nl:ClosingDebitBalance>0.0</nl:ClosingDebitBalance>
				<nl:OpeningCreditBalance>0.0</nl:OpeningCreditBalance>
                <nl:ClosingCreditBalance>0.0</nl:ClosingCreditBalance>
            </nl:Account>
            <nl:Account>
                <nl:AccountID>5320</nl:AccountID>
                <nl:AccountDescription>Annen oppgavepliktig personalforsikring</nl:AccountDescription>
                <nl:StandardAccountID>53</nl:StandardAccountID>
                <nl:AccountType>GL</nl:AccountType>
                <nl:OpeningDebitBalance>0.0</nl:OpeningDebitBalance>
                <nl:ClosingDebitBalance>0.0</nl:ClosingDebitBalance>
				<nl:OpeningCreditBalance>0.0</nl:OpeningCreditBalance>
                <nl:ClosingCreditBalance>0.0</nl:ClosingCreditBalance>
            </nl:Account>
            <nl:Account>
                <nl:AccountID>5330</nl:AccountID>
                <nl:AccountDescription>Godtgjørelse til styre- og bedriftsforsamling</nl:AccountDescription>
                <nl:StandardAccountID>53</nl:StandardAccountID>
                <nl:AccountType>GL</nl:AccountType>
                <nl:OpeningDebitBalance>0.0</nl:OpeningDebitBalance>
                <nl:ClosingDebitBalance>0.0</nl:ClosingDebitBalance>
				<nl:OpeningCreditBalance>0.0</nl:OpeningCreditBalance>
                <nl:ClosingCreditBalance>0.0</nl:ClosingCreditBalance>
            </nl:Account>
            <nl:Account>
                <nl:AccountID>5390</nl:AccountID>
                <nl:AccountDescription>Annen oppgavepliktig godtgjørelse</nl:AccountDescription>
                <nl:StandardAccountID>53</nl:StandardAccountID>
                <nl:AccountType>GL</nl:AccountType>
                <nl:OpeningDebitBalance>0.0</nl:OpeningDebitBalance>
                <nl:ClosingDebitBalance>0.0</nl:ClosingDebitBalance>
				<nl:OpeningCreditBalance>0.0</nl:OpeningCreditBalance>
                <nl:ClosingCreditBalance>0.0</nl:ClosingCreditBalance>
            </nl:Account>
            <nl:Account>
                <nl:AccountID>5395</nl:AccountID>
                <nl:AccountDescription>Annen oppgavepliktig godtgjørelse - ikke arbeidsgiveravgiftspliktig</nl:AccountDescription>
                <nl:StandardAccountID>53</nl:StandardAccountID>
                <nl:AccountType>GL</nl:AccountType>
                <nl:OpeningDebitBalance>0.0</nl:OpeningDebitBalance>
                <nl:ClosingDebitBalance>0.0</nl:ClosingDebitBalance>
				<nl:OpeningCreditBalance>0.0</nl:OpeningCreditBalance>
                <nl:ClosingCreditBalance>0.0</nl:ClosingCreditBalance>
            </nl:Account>
            <nl:Account>
                <nl:AccountID>5400</nl:AccountID>
                <nl:AccountDescription>Arbeidsgiveravgift</nl:AccountDescription>
                <nl:StandardAccountID>54</nl:StandardAccountID>
                <nl:AccountType>GL</nl:AccountType>
                <nl:OpeningDebitBalance>0.0</nl:OpeningDebitBalance>
                <nl:ClosingDebitBalance>0.0</nl:ClosingDebitBalance>
				<nl:OpeningCreditBalance>0.0</nl:OpeningCreditBalance>
                <nl:ClosingCreditBalance>0.0</nl:ClosingCreditBalance>
            </nl:Account>
            <nl:Account>
                <nl:AccountID>5401</nl:AccountID>
                <nl:AccountDescription>Arbeidsgiveravgift av opptjente feriepenger</nl:AccountDescription>
                <nl:StandardAccountID>54</nl:StandardAccountID>
                <nl:AccountType>GL</nl:AccountType>
                <nl:OpeningDebitBalance>0.0</nl:OpeningDebitBalance>
                <nl:ClosingDebitBalance>0.0</nl:ClosingDebitBalance>
				<nl:OpeningCreditBalance>0.0</nl:OpeningCreditBalance>
                <nl:ClosingCreditBalance>0.0</nl:ClosingCreditBalance>
            </nl:Account>
            <nl:Account>
                <nl:AccountID>5405</nl:AccountID>
                <nl:AccountDescription>Arbeidsgiveravgift av andre påløpte lønnskostnader</nl:AccountDescription>
                <nl:StandardAccountID>54</nl:StandardAccountID>
                <nl:AccountType>GL</nl:AccountType>
                <nl:OpeningDebitBalance>0.0</nl:OpeningDebitBalance>
                <nl:ClosingDebitBalance>0.0</nl:ClosingDebitBalance>
				<nl:OpeningCreditBalance>0.0</nl:OpeningCreditBalance>
                <nl:ClosingCreditBalance>0.0</nl:ClosingCreditBalance>
            </nl:Account>
            <nl:Account>
                <nl:AccountID>5420</nl:AccountID>
                <nl:AccountDescription>Innberetningspliktig pensjonskostnad</nl:AccountDescription>
                <nl:StandardAccountID>54</nl:StandardAccountID>
                <nl:AccountType>GL</nl:AccountType>
                <nl:OpeningDebitBalance>0.0</nl:OpeningDebitBalance>
                <nl:ClosingDebitBalance>0.0</nl:ClosingDebitBalance>
				<nl:OpeningCreditBalance>0.0</nl:OpeningCreditBalance>
                <nl:ClosingCreditBalance>0.0</nl:ClosingCreditBalance>
            </nl:Account>
            <nl:Account>
                <nl:AccountID>5430</nl:AccountID>
                <nl:AccountDescription>Finansskatt av lønn</nl:AccountDescription>
                <nl:StandardAccountID>54</nl:StandardAccountID>
                <nl:AccountType>GL</nl:AccountType>
                <nl:OpeningDebitBalance>0.0</nl:OpeningDebitBalance>
                <nl:ClosingDebitBalance>0.0</nl:ClosingDebitBalance>
				<nl:OpeningCreditBalance>0.0</nl:OpeningCreditBalance>
                <nl:ClosingCreditBalance>0.0</nl:ClosingCreditBalance>
            </nl:Account>
            <nl:Account>
                <nl:AccountID>5431</nl:AccountID>
                <nl:AccountDescription>Finansskatt av påløpt ferielønn</nl:AccountDescription>
                <nl:StandardAccountID>54</nl:StandardAccountID>
                <nl:AccountType>GL</nl:AccountType>
                <nl:OpeningDebitBalance>0.0</nl:OpeningDebitBalance>
                <nl:ClosingDebitBalance>0.0</nl:ClosingDebitBalance>
				<nl:OpeningCreditBalance>0.0</nl:OpeningCreditBalance>
                <nl:ClosingCreditBalance>0.0</nl:ClosingCreditBalance>
            </nl:Account>
            <nl:Account>
                <nl:AccountID>5495</nl:AccountID>
                <nl:AccountDescription>Periodisering av arbeidsgiveravgift</nl:AccountDescription>
                <nl:StandardAccountID>54</nl:StandardAccountID>
                <nl:AccountType>GL</nl:AccountType>
                <nl:OpeningDebitBalance>0.0</nl:OpeningDebitBalance>
                <nl:ClosingDebitBalance>0.0</nl:ClosingDebitBalance>
				<nl:OpeningCreditBalance>0.0</nl:OpeningCreditBalance>
                <nl:ClosingCreditBalance>0.0</nl:ClosingCreditBalance>
            </nl:Account>
            <nl:Account>
                <nl:AccountID>5496</nl:AccountID>
                <nl:AccountDescription>Periodisering av arbeidsgiveravgift av opptjente feriepenger</nl:AccountDescription>
                <nl:StandardAccountID>54</nl:StandardAccountID>
                <nl:AccountType>GL</nl:AccountType>
                <nl:OpeningDebitBalance>0.0</nl:OpeningDebitBalance>
                <nl:ClosingDebitBalance>0.0</nl:ClosingDebitBalance>
				<nl:OpeningCreditBalance>0.0</nl:OpeningCreditBalance>
                <nl:ClosingCreditBalance>0.0</nl:ClosingCreditBalance>
            </nl:Account>
            <nl:Account>
                <nl:AccountID>5500</nl:AccountID>
                <nl:AccountDescription>Annen kostnadsgodtgjørelse</nl:AccountDescription>
                <nl:StandardAccountID>55</nl:StandardAccountID>
                <nl:AccountType>GL</nl:AccountType>
                <nl:OpeningDebitBalance>0.0</nl:OpeningDebitBalance>
                <nl:ClosingDebitBalance>0.0</nl:ClosingDebitBalance>
				<nl:OpeningCreditBalance>0.0</nl:OpeningCreditBalance>
                <nl:ClosingCreditBalance>0.0</nl:ClosingCreditBalance>
            </nl:Account>
            <nl:Account>
                <nl:AccountID>5510</nl:AccountID>
                <nl:AccountDescription>Trekkpliktig del av reise</nl:AccountDescription>
                <nl:StandardAccountID>55</nl:StandardAccountID>
                <nl:AccountType>GL</nl:AccountType>
                <nl:OpeningDebitBalance>0.0</nl:OpeningDebitBalance>
                <nl:ClosingDebitBalance>0.0</nl:ClosingDebitBalance>
				<nl:OpeningCreditBalance>0.0</nl:OpeningCreditBalance>
                <nl:ClosingCreditBalance>0.0</nl:ClosingCreditBalance>
            </nl:Account>
            <nl:Account>
                <nl:AccountID>5600</nl:AccountID>
                <nl:AccountDescription>Arbeidsgodtgjørelse til eiere i ANS o.l.</nl:AccountDescription>
                <nl:StandardAccountID>56</nl:StandardAccountID>
                <nl:AccountType>GL</nl:AccountType>
                <nl:OpeningDebitBalance>0.0</nl:OpeningDebitBalance>
                <nl:ClosingDebitBalance>0.0</nl:ClosingDebitBalance>
				<nl:OpeningCreditBalance>0.0</nl:OpeningCreditBalance>
                <nl:ClosingCreditBalance>0.0</nl:ClosingCreditBalance>
            </nl:Account>
            <nl:Account>
                <nl:AccountID>5700</nl:AccountID>
                <nl:AccountDescription>Lærlingtilskudd</nl:AccountDescription>
                <nl:StandardAccountID>57</nl:StandardAccountID>
                <nl:AccountType>GL</nl:AccountType>
                <nl:OpeningDebitBalance>0.0</nl:OpeningDebitBalance>
                <nl:ClosingDebitBalance>0.0</nl:ClosingDebitBalance>
				<nl:OpeningCreditBalance>0.0</nl:OpeningCreditBalance>
                <nl:ClosingCreditBalance>0.0</nl:ClosingCreditBalance>
            </nl:Account>
            <nl:Account>
                <nl:AccountID>5720</nl:AccountID>
                <nl:AccountDescription>Annet lønnstilskudd</nl:AccountDescription>
                <nl:StandardAccountID>57</nl:StandardAccountID>
                <nl:AccountType>GL</nl:AccountType>
                <nl:OpeningDebitBalance>0.0</nl:OpeningDebitBalance>
                <nl:ClosingDebitBalance>0.0</nl:ClosingDebitBalance>
				<nl:OpeningCreditBalance>0.0</nl:OpeningCreditBalance>
                <nl:ClosingCreditBalance>0.0</nl:ClosingCreditBalance>
            </nl:Account>
            <nl:Account>
                <nl:AccountID>5800</nl:AccountID>
                <nl:AccountDescription>Refusjon av sykepenger</nl:AccountDescription>
                <nl:StandardAccountID>58</nl:StandardAccountID>
                <nl:AccountType>GL</nl:AccountType>
                <nl:OpeningDebitBalance>0.0</nl:OpeningDebitBalance>
                <nl:ClosingDebitBalance>0.0</nl:ClosingDebitBalance>
				<nl:OpeningCreditBalance>0.0</nl:OpeningCreditBalance>
                <nl:ClosingCreditBalance>0.0</nl:ClosingCreditBalance>
            </nl:Account>
            <nl:Account>
                <nl:AccountID>5820</nl:AccountID>
                <nl:AccountDescription>Refusjon av arbeidsgiveravgift</nl:AccountDescription>
                <nl:StandardAccountID>58</nl:StandardAccountID>
                <nl:AccountType>GL</nl:AccountType>
                <nl:OpeningDebitBalance>0.0</nl:OpeningDebitBalance>
                <nl:ClosingDebitBalance>0.0</nl:ClosingDebitBalance>
				<nl:OpeningCreditBalance>0.0</nl:OpeningCreditBalance>
                <nl:ClosingCreditBalance>0.0</nl:ClosingCreditBalance>
            </nl:Account>
            <nl:Account>
                <nl:AccountID>5830</nl:AccountID>
                <nl:AccountDescription>Refusjon arbeidsmarkedstiltak</nl:AccountDescription>
                <nl:StandardAccountID>58</nl:StandardAccountID>
                <nl:AccountType>GL</nl:AccountType>
                <nl:OpeningDebitBalance>0.0</nl:OpeningDebitBalance>
                <nl:ClosingDebitBalance>0.0</nl:ClosingDebitBalance>
				<nl:OpeningCreditBalance>0.0</nl:OpeningCreditBalance>
                <nl:ClosingCreditBalance>0.0</nl:ClosingCreditBalance>
            </nl:Account>
            <nl:Account>
                <nl:AccountID>5890</nl:AccountID>
                <nl:AccountDescription>Annen refusjon</nl:AccountDescription>
                <nl:StandardAccountID>58</nl:StandardAccountID>
                <nl:AccountType>GL</nl:AccountType>
                <nl:OpeningDebitBalance>0.0</nl:OpeningDebitBalance>
                <nl:ClosingDebitBalance>0.0</nl:ClosingDebitBalance>
				<nl:OpeningCreditBalance>0.0</nl:OpeningCreditBalance>
                <nl:ClosingCreditBalance>0.0</nl:ClosingCreditBalance>
            </nl:Account>
            <nl:Account>
                <nl:AccountID>5900</nl:AccountID>
                <nl:AccountDescription>Gave til ansatte, fradragsberettiget</nl:AccountDescription>
                <nl:StandardAccountID>59</nl:StandardAccountID>
                <nl:AccountType>GL</nl:AccountType>
                <nl:OpeningDebitBalance>0.0</nl:OpeningDebitBalance>
                <nl:ClosingDebitBalance>0.0</nl:ClosingDebitBalance>
				<nl:OpeningCreditBalance>0.0</nl:OpeningCreditBalance>
                <nl:ClosingCreditBalance>0.0</nl:ClosingCreditBalance>
            </nl:Account>
            <nl:Account>
                <nl:AccountID>5901</nl:AccountID>
                <nl:AccountDescription>Gave til ansatte, ikke fradragsberettiget</nl:AccountDescription>
                <nl:StandardAccountID>59</nl:StandardAccountID>
                <nl:AccountType>GL</nl:AccountType>
                <nl:OpeningDebitBalance>0.0</nl:OpeningDebitBalance>
                <nl:ClosingDebitBalance>0.0</nl:ClosingDebitBalance>
				<nl:OpeningCreditBalance>0.0</nl:OpeningCreditBalance>
                <nl:ClosingCreditBalance>0.0</nl:ClosingCreditBalance>
            </nl:Account>
            <nl:Account>
                <nl:AccountID>5910</nl:AccountID>
                <nl:AccountDescription>Kantinekostnad</nl:AccountDescription>
                <nl:StandardAccountID>59</nl:StandardAccountID>
                <nl:AccountType>GL</nl:AccountType>
                <nl:OpeningDebitBalance>0.0</nl:OpeningDebitBalance>
                <nl:ClosingDebitBalance>0.0</nl:ClosingDebitBalance>
				<nl:OpeningCreditBalance>0.0</nl:OpeningCreditBalance>
                <nl:ClosingCreditBalance>0.0</nl:ClosingCreditBalance>
            </nl:Account>
            <nl:Account>
                <nl:AccountID>5912</nl:AccountID>
                <nl:AccountDescription>Middag ved overtid</nl:AccountDescription>
                <nl:StandardAccountID>59</nl:StandardAccountID>
                <nl:AccountType>GL</nl:AccountType>
                <nl:OpeningDebitBalance>0.0</nl:OpeningDebitBalance>
                <nl:ClosingDebitBalance>0.0</nl:ClosingDebitBalance>
				<nl:OpeningCreditBalance>0.0</nl:OpeningCreditBalance>
                <nl:ClosingCreditBalance>0.0</nl:ClosingCreditBalance>
            </nl:Account>
            <nl:Account>
                <nl:AccountID>5919</nl:AccountID>
                <nl:AccountDescription>Trekk kantinekostnad ansatte</nl:AccountDescription>
                <nl:StandardAccountID>59</nl:StandardAccountID>
                <nl:AccountType>GL</nl:AccountType>
                <nl:OpeningDebitBalance>0.0</nl:OpeningDebitBalance>
                <nl:ClosingDebitBalance>0.0</nl:ClosingDebitBalance>
				<nl:OpeningCreditBalance>0.0</nl:OpeningCreditBalance>
                <nl:ClosingCreditBalance>0.0</nl:ClosingCreditBalance>
            </nl:Account>
            <nl:Account>
                <nl:AccountID>5920</nl:AccountID>
                <nl:AccountDescription>Yrkesskadeforsikring</nl:AccountDescription>
                <nl:StandardAccountID>59</nl:StandardAccountID>
                <nl:AccountType>GL</nl:AccountType>
                <nl:OpeningDebitBalance>0.0</nl:OpeningDebitBalance>
                <nl:ClosingDebitBalance>0.0</nl:ClosingDebitBalance>
				<nl:OpeningCreditBalance>0.0</nl:OpeningCreditBalance>
                <nl:ClosingCreditBalance>0.0</nl:ClosingCreditBalance>
            </nl:Account>
            <nl:Account>
                <nl:AccountID>5930</nl:AccountID>
                <nl:AccountDescription>Annen ikke arbeidsgiveravgiftspliktig forsikring</nl:AccountDescription>
                <nl:StandardAccountID>59</nl:StandardAccountID>
                <nl:AccountType>GL</nl:AccountType>
                <nl:OpeningDebitBalance>0.0</nl:OpeningDebitBalance>
                <nl:ClosingDebitBalance>0.0</nl:ClosingDebitBalance>
				<nl:OpeningCreditBalance>0.0</nl:OpeningCreditBalance>
                <nl:ClosingCreditBalance>0.0</nl:ClosingCreditBalance>
            </nl:Account>
            <nl:Account>
                <nl:AccountID>5941</nl:AccountID>
                <nl:AccountDescription>LO/NHO ( O &amp; U + sluttvederlag)</nl:AccountDescription>
                <nl:StandardAccountID>59</nl:StandardAccountID>
                <nl:AccountType>GL</nl:AccountType>
                <nl:OpeningDebitBalance>0.0</nl:OpeningDebitBalance>
                <nl:ClosingDebitBalance>0.0</nl:ClosingDebitBalance>
				<nl:OpeningCreditBalance>0.0</nl:OpeningCreditBalance>
                <nl:ClosingCreditBalance>0.0</nl:ClosingCreditBalance>
            </nl:Account>
            <nl:Account>
                <nl:AccountID>5942</nl:AccountID>
                <nl:AccountDescription>LO/NHO ( AFP )</nl:AccountDescription>
                <nl:StandardAccountID>59</nl:StandardAccountID>
                <nl:AccountType>GL</nl:AccountType>
                <nl:OpeningDebitBalance>0.0</nl:OpeningDebitBalance>
                <nl:ClosingDebitBalance>0.0</nl:ClosingDebitBalance>
				<nl:OpeningCreditBalance>0.0</nl:OpeningCreditBalance>
                <nl:ClosingCreditBalance>0.0</nl:ClosingCreditBalance>
            </nl:Account>
            <nl:Account>
                <nl:AccountID>5945</nl:AccountID>
                <nl:AccountDescription>Pensjonsforsikring for ansatte</nl:AccountDescription>
                <nl:StandardAccountID>59</nl:StandardAccountID>
                <nl:AccountType>GL</nl:AccountType>
                <nl:OpeningDebitBalance>0.0</nl:OpeningDebitBalance>
                <nl:ClosingDebitBalance>0.0</nl:ClosingDebitBalance>
				<nl:OpeningCreditBalance>0.0</nl:OpeningCreditBalance>
                <nl:ClosingCreditBalance>0.0</nl:ClosingCreditBalance>
            </nl:Account>
            <nl:Account>
                <nl:AccountID>5990</nl:AccountID>
                <nl:AccountDescription>Annen personalkostnad</nl:AccountDescription>
                <nl:StandardAccountID>59</nl:StandardAccountID>
                <nl:AccountType>GL</nl:AccountType>
                <nl:OpeningDebitBalance>0.0</nl:OpeningDebitBalance>
                <nl:ClosingDebitBalance>0.0</nl:ClosingDebitBalance>
				<nl:OpeningCreditBalance>0.0</nl:OpeningCreditBalance>
                <nl:ClosingCreditBalance>0.0</nl:ClosingCreditBalance>
            </nl:Account>
            <nl:Account>
                <nl:AccountID>6000</nl:AccountID>
                <nl:AccountDescription>Avskrivning på bygninger og annen fast eiendom</nl:AccountDescription>
                <nl:StandardAccountID>60</nl:StandardAccountID>
                <nl:AccountType>GL</nl:AccountType>
                <nl:OpeningDebitBalance>3900000000</nl:OpeningDebitBalance>
                <nl:ClosingDebitBalance>5000000000</nl:ClosingDebitBalance>
				<nl:OpeningCreditBalance>0.0</nl:OpeningCreditBalance>
                <nl:ClosingCreditBalance>0.0</nl:ClosingCreditBalance>
            </nl:Account>
            <nl:Account>
                <nl:AccountID>6010</nl:AccountID>
                <nl:AccountDescription>Avskriving på transportmidler</nl:AccountDescription>
                <nl:StandardAccountID>60</nl:StandardAccountID>
                <nl:AccountType>GL</nl:AccountType>
                <nl:OpeningDebitBalance>47000000</nl:OpeningDebitBalance>
                <nl:ClosingDebitBalance>92000000</nl:ClosingDebitBalance>
				<nl:OpeningCreditBalance>0.0</nl:OpeningCreditBalance>
                <nl:ClosingCreditBalance>0.0</nl:ClosingCreditBalance>
            </nl:Account>
            <nl:Account>
                <nl:AccountID>6015</nl:AccountID>
                <nl:AccountDescription>Avskrivning på maskiner</nl:AccountDescription>
                <nl:StandardAccountID>60</nl:StandardAccountID>
                <nl:AccountType>GL</nl:AccountType>
                <nl:OpeningDebitBalance>0.0</nl:OpeningDebitBalance>
                <nl:ClosingDebitBalance>0.0</nl:ClosingDebitBalance>
				<nl:OpeningCreditBalance>0.0</nl:OpeningCreditBalance>
                <nl:ClosingCreditBalance>0.0</nl:ClosingCreditBalance>
            </nl:Account>
            <nl:Account>
                <nl:AccountID>6017</nl:AccountID>
                <nl:AccountDescription>Avskrivning på inventar</nl:AccountDescription>
                <nl:StandardAccountID>60</nl:StandardAccountID>
                <nl:AccountType>GL</nl:AccountType>
                <nl:OpeningDebitBalance>0.0</nl:OpeningDebitBalance>
                <nl:ClosingDebitBalance>0.0</nl:ClosingDebitBalance>
				<nl:OpeningCreditBalance>0.0</nl:OpeningCreditBalance>
                <nl:ClosingCreditBalance>0.0</nl:ClosingCreditBalance>
            </nl:Account>
            <nl:Account>
                <nl:AccountID>6020</nl:AccountID>
                <nl:AccountDescription>Avskrivning på immaterielle eiendeler</nl:AccountDescription>
                <nl:StandardAccountID>60</nl:StandardAccountID>
                <nl:AccountType>GL</nl:AccountType>
                <nl:OpeningDebitBalance>0.0</nl:OpeningDebitBalance>
                <nl:ClosingDebitBalance>0.0</nl:ClosingDebitBalance>
				<nl:OpeningCreditBalance>0.0</nl:OpeningCreditBalance>
                <nl:ClosingCreditBalance>0.0</nl:ClosingCreditBalance>
            </nl:Account>
            <nl:Account>
                <nl:AccountID>6050</nl:AccountID>
                <nl:AccountDescription>Nedskrivning på varige driftsmidler og immaterielle eiendeler</nl:AccountDescription>
                <nl:StandardAccountID>60</nl:StandardAccountID>
                <nl:AccountType>GL</nl:AccountType>
                <nl:OpeningDebitBalance>0.0</nl:OpeningDebitBalance>
                <nl:ClosingDebitBalance>0.0</nl:ClosingDebitBalance>
				<nl:OpeningCreditBalance>0.0</nl:OpeningCreditBalance>
                <nl:ClosingCreditBalance>0.0</nl:ClosingCreditBalance>
            </nl:Account>
            <nl:Account>
                <nl:AccountID>6100</nl:AccountID>
                <nl:AccountDescription>Frakt, transportkostnad og forsikring ved vareforsendelse</nl:AccountDescription>
                <nl:StandardAccountID>61</nl:StandardAccountID>
                <nl:AccountType>GL</nl:AccountType>
                <nl:OpeningDebitBalance>0.0</nl:OpeningDebitBalance>
                <nl:ClosingDebitBalance>0.0</nl:ClosingDebitBalance>
				<nl:OpeningCreditBalance>0.0</nl:OpeningCreditBalance>
                <nl:ClosingCreditBalance>0.0</nl:ClosingCreditBalance>
            </nl:Account>
            <nl:Account>
                <nl:AccountID>6110</nl:AccountID>
                <nl:AccountDescription>Toll og spedisjonskostnad ved vareforsendelse</nl:AccountDescription>
                <nl:StandardAccountID>61</nl:StandardAccountID>
                <nl:AccountType>GL</nl:AccountType>
                <nl:OpeningDebitBalance>0.0</nl:OpeningDebitBalance>
                <nl:ClosingDebitBalance>0.0</nl:ClosingDebitBalance>
				<nl:OpeningCreditBalance>0.0</nl:OpeningCreditBalance>
                <nl:ClosingCreditBalance>0.0</nl:ClosingCreditBalance>
            </nl:Account>
            <nl:Account>
                <nl:AccountID>6190</nl:AccountID>
                <nl:AccountDescription>Annen frakt- og transportkostnad ved salg</nl:AccountDescription>
                <nl:StandardAccountID>61</nl:StandardAccountID>
                <nl:AccountType>GL</nl:AccountType>
                <nl:OpeningDebitBalance>0.0</nl:OpeningDebitBalance>
                <nl:ClosingDebitBalance>0.0</nl:ClosingDebitBalance>
				<nl:OpeningCreditBalance>0.0</nl:OpeningCreditBalance>
                <nl:ClosingCreditBalance>0.0</nl:ClosingCreditBalance>
            </nl:Account>
            <nl:Account>
                <nl:AccountID>6200</nl:AccountID>
                <nl:AccountDescription>Elektrisitet</nl:AccountDescription>
                <nl:StandardAccountID>62</nl:StandardAccountID>
                <nl:AccountType>GL</nl:AccountType>
                <nl:OpeningDebitBalance>0.0</nl:OpeningDebitBalance>
                <nl:ClosingDebitBalance>0.0</nl:ClosingDebitBalance>
				<nl:OpeningCreditBalance>0.0</nl:OpeningCreditBalance>
                <nl:ClosingCreditBalance>0.0</nl:ClosingCreditBalance>
            </nl:Account>
            <nl:Account>
                <nl:AccountID>6210</nl:AccountID>
                <nl:AccountDescription>Gass</nl:AccountDescription>
                <nl:StandardAccountID>62</nl:StandardAccountID>
                <nl:AccountType>GL</nl:AccountType>
                <nl:OpeningDebitBalance>0.0</nl:OpeningDebitBalance>
                <nl:ClosingDebitBalance>0.0</nl:ClosingDebitBalance>
				<nl:OpeningCreditBalance>0.0</nl:OpeningCreditBalance>
                <nl:ClosingCreditBalance>0.0</nl:ClosingCreditBalance>
            </nl:Account>
            <nl:Account>
                <nl:AccountID>6220</nl:AccountID>
                <nl:AccountDescription>Fyringsolje</nl:AccountDescription>
                <nl:StandardAccountID>62</nl:StandardAccountID>
                <nl:AccountType>GL</nl:AccountType>
                <nl:OpeningDebitBalance>0.0</nl:OpeningDebitBalance>
                <nl:ClosingDebitBalance>0.0</nl:ClosingDebitBalance>
				<nl:OpeningCreditBalance>0.0</nl:OpeningCreditBalance>
                <nl:ClosingCreditBalance>0.0</nl:ClosingCreditBalance>
            </nl:Account>
            <nl:Account>
                <nl:AccountID>6230</nl:AccountID>
                <nl:AccountDescription>Kull, koks</nl:AccountDescription>
                <nl:StandardAccountID>62</nl:StandardAccountID>
                <nl:AccountType>GL</nl:AccountType>
                <nl:OpeningDebitBalance>0.0</nl:OpeningDebitBalance>
                <nl:ClosingDebitBalance>0.0</nl:ClosingDebitBalance>
				<nl:OpeningCreditBalance>0.0</nl:OpeningCreditBalance>
                <nl:ClosingCreditBalance>0.0</nl:ClosingCreditBalance>
            </nl:Account>
            <nl:Account>
                <nl:AccountID>6240</nl:AccountID>
                <nl:AccountDescription>Ved</nl:AccountDescription>
                <nl:StandardAccountID>62</nl:StandardAccountID>
                <nl:AccountType>GL</nl:AccountType>
                <nl:OpeningDebitBalance>0.0</nl:OpeningDebitBalance>
                <nl:ClosingDebitBalance>0.0</nl:ClosingDebitBalance>
				<nl:OpeningCreditBalance>0.0</nl:OpeningCreditBalance>
                <nl:ClosingCreditBalance>0.0</nl:ClosingCreditBalance>
            </nl:Account>
            <nl:Account>
                <nl:AccountID>6250</nl:AccountID>
                <nl:AccountDescription>Bensin, dieselolje</nl:AccountDescription>
                <nl:StandardAccountID>62</nl:StandardAccountID>
                <nl:AccountType>GL</nl:AccountType>
                <nl:OpeningDebitBalance>0.0</nl:OpeningDebitBalance>
                <nl:ClosingDebitBalance>0.0</nl:ClosingDebitBalance>
				<nl:OpeningCreditBalance>0.0</nl:OpeningCreditBalance>
                <nl:ClosingCreditBalance>0.0</nl:ClosingCreditBalance>
            </nl:Account>
            <nl:Account>
                <nl:AccountID>6260</nl:AccountID>
                <nl:AccountDescription>Vann</nl:AccountDescription>
                <nl:StandardAccountID>62</nl:StandardAccountID>
                <nl:AccountType>GL</nl:AccountType>
                <nl:OpeningDebitBalance>0.0</nl:OpeningDebitBalance>
                <nl:ClosingDebitBalance>0.0</nl:ClosingDebitBalance>
				<nl:OpeningCreditBalance>0.0</nl:OpeningCreditBalance>
                <nl:ClosingCreditBalance>0.0</nl:ClosingCreditBalance>
            </nl:Account>
            <nl:Account>
                <nl:AccountID>6290</nl:AccountID>
                <nl:AccountDescription>Annet brensel</nl:AccountDescription>
                <nl:StandardAccountID>62</nl:StandardAccountID>
                <nl:AccountType>GL</nl:AccountType>
                <nl:OpeningDebitBalance>0.0</nl:OpeningDebitBalance>
                <nl:ClosingDebitBalance>0.0</nl:ClosingDebitBalance>
				<nl:OpeningCreditBalance>0.0</nl:OpeningCreditBalance>
                <nl:ClosingCreditBalance>0.0</nl:ClosingCreditBalance>
            </nl:Account>
            <nl:Account>
                <nl:AccountID>6300</nl:AccountID>
                <nl:AccountDescription>Leie lokale</nl:AccountDescription>
                <nl:StandardAccountID>63</nl:StandardAccountID>
                <nl:AccountType>GL</nl:AccountType>
                <nl:OpeningDebitBalance>0.0</nl:OpeningDebitBalance>
                <nl:ClosingDebitBalance>0.0</nl:ClosingDebitBalance>
				<nl:OpeningCreditBalance>0.0</nl:OpeningCreditBalance>
                <nl:ClosingCreditBalance>0.0</nl:ClosingCreditBalance>
            </nl:Account>
            <nl:Account>
                <nl:AccountID>6320</nl:AccountID>
                <nl:AccountDescription>Renovasjon, vann, avløp o.l.</nl:AccountDescription>
                <nl:StandardAccountID>63</nl:StandardAccountID>
                <nl:AccountType>GL</nl:AccountType>
                <nl:OpeningDebitBalance>0.0</nl:OpeningDebitBalance>
                <nl:ClosingDebitBalance>0.0</nl:ClosingDebitBalance>
				<nl:OpeningCreditBalance>0.0</nl:OpeningCreditBalance>
                <nl:ClosingCreditBalance>0.0</nl:ClosingCreditBalance>
            </nl:Account>
            <nl:Account>
                <nl:AccountID>6340</nl:AccountID>
                <nl:AccountDescription>Lys, varme</nl:AccountDescription>
                <nl:StandardAccountID>63</nl:StandardAccountID>
                <nl:AccountType>GL</nl:AccountType>
                <nl:OpeningDebitBalance>0.0</nl:OpeningDebitBalance>
                <nl:ClosingDebitBalance>0.0</nl:ClosingDebitBalance>
				<nl:OpeningCreditBalance>0.0</nl:OpeningCreditBalance>
                <nl:ClosingCreditBalance>0.0</nl:ClosingCreditBalance>
            </nl:Account>
            <nl:Account>
                <nl:AccountID>6360</nl:AccountID>
                <nl:AccountDescription>Renhold</nl:AccountDescription>
                <nl:StandardAccountID>63</nl:StandardAccountID>
                <nl:AccountType>GL</nl:AccountType>
                <nl:OpeningDebitBalance>0.0</nl:OpeningDebitBalance>
                <nl:ClosingDebitBalance>0.0</nl:ClosingDebitBalance>
				<nl:OpeningCreditBalance>0.0</nl:OpeningCreditBalance>
                <nl:ClosingCreditBalance>0.0</nl:ClosingCreditBalance>
            </nl:Account>
            <nl:Account>
                <nl:AccountID>6390</nl:AccountID>
                <nl:AccountDescription>Annen kostnad lokaler</nl:AccountDescription>
                <nl:StandardAccountID>63</nl:StandardAccountID>
                <nl:AccountType>GL</nl:AccountType>
                <nl:OpeningDebitBalance>0.0</nl:OpeningDebitBalance>
                <nl:ClosingDebitBalance>0.0</nl:ClosingDebitBalance>
				<nl:OpeningCreditBalance>0.0</nl:OpeningCreditBalance>
                <nl:ClosingCreditBalance>0.0</nl:ClosingCreditBalance>
            </nl:Account>
            <nl:Account>
                <nl:AccountID>6400</nl:AccountID>
                <nl:AccountDescription>Leie maskiner</nl:AccountDescription>
                <nl:StandardAccountID>64</nl:StandardAccountID>
                <nl:AccountType>GL</nl:AccountType>
                <nl:OpeningDebitBalance>0.0</nl:OpeningDebitBalance>
                <nl:ClosingDebitBalance>0.0</nl:ClosingDebitBalance>
				<nl:OpeningCreditBalance>0.0</nl:OpeningCreditBalance>
                <nl:ClosingCreditBalance>0.0</nl:ClosingCreditBalance>
            </nl:Account>
            <nl:Account>
                <nl:AccountID>6410</nl:AccountID>
                <nl:AccountDescription>Leie inventar</nl:AccountDescription>
                <nl:StandardAccountID>64</nl:StandardAccountID>
                <nl:AccountType>GL</nl:AccountType>
                <nl:OpeningDebitBalance>0.0</nl:OpeningDebitBalance>
                <nl:ClosingDebitBalance>0.0</nl:ClosingDebitBalance>
				<nl:OpeningCreditBalance>0.0</nl:OpeningCreditBalance>
                <nl:ClosingCreditBalance>0.0</nl:ClosingCreditBalance>
            </nl:Account>
            <nl:Account>
                <nl:AccountID>6420</nl:AccountID>
                <nl:AccountDescription>Leie datasystemer</nl:AccountDescription>
                <nl:StandardAccountID>64</nl:StandardAccountID>
                <nl:AccountType>GL</nl:AccountType>
                <nl:OpeningDebitBalance>0.0</nl:OpeningDebitBalance>
                <nl:ClosingDebitBalance>0.0</nl:ClosingDebitBalance>
				<nl:OpeningCreditBalance>0.0</nl:OpeningCreditBalance>
                <nl:ClosingCreditBalance>0.0</nl:ClosingCreditBalance>
            </nl:Account>
            <nl:Account>
                <nl:AccountID>6430</nl:AccountID>
                <nl:AccountDescription>Leie andre kontormaskiner</nl:AccountDescription>
                <nl:StandardAccountID>64</nl:StandardAccountID>
                <nl:AccountType>GL</nl:AccountType>
                <nl:OpeningDebitBalance>0.0</nl:OpeningDebitBalance>
                <nl:ClosingDebitBalance>0.0</nl:ClosingDebitBalance>
				<nl:OpeningCreditBalance>0.0</nl:OpeningCreditBalance>
                <nl:ClosingCreditBalance>0.0</nl:ClosingCreditBalance>
            </nl:Account>
            <nl:Account>
                <nl:AccountID>6440</nl:AccountID>
                <nl:AccountDescription>Leie transportmidler</nl:AccountDescription>
                <nl:StandardAccountID>64</nl:StandardAccountID>
                <nl:AccountType>GL</nl:AccountType>
                <nl:OpeningDebitBalance>0.0</nl:OpeningDebitBalance>
                <nl:ClosingDebitBalance>0.0</nl:ClosingDebitBalance>
				<nl:OpeningCreditBalance>0.0</nl:OpeningCreditBalance>
                <nl:ClosingCreditBalance>0.0</nl:ClosingCreditBalance>
            </nl:Account>
            <nl:Account>
                <nl:AccountID>6490</nl:AccountID>
                <nl:AccountDescription>Annen leiekostnad</nl:AccountDescription>
                <nl:StandardAccountID>64</nl:StandardAccountID>
                <nl:AccountType>GL</nl:AccountType>
                <nl:OpeningDebitBalance>0.0</nl:OpeningDebitBalance>
                <nl:ClosingDebitBalance>0.0</nl:ClosingDebitBalance>
				<nl:OpeningCreditBalance>0.0</nl:OpeningCreditBalance>
                <nl:ClosingCreditBalance>0.0</nl:ClosingCreditBalance>
            </nl:Account>
            <nl:Account>
                <nl:AccountID>6500</nl:AccountID>
                <nl:AccountDescription>Motordrevet verktøy</nl:AccountDescription>
                <nl:StandardAccountID>65</nl:StandardAccountID>
                <nl:AccountType>GL</nl:AccountType>
                <nl:OpeningDebitBalance>0.0</nl:OpeningDebitBalance>
                <nl:ClosingDebitBalance>0.0</nl:ClosingDebitBalance>
				<nl:OpeningCreditBalance>0.0</nl:OpeningCreditBalance>
                <nl:ClosingCreditBalance>0.0</nl:ClosingCreditBalance>
            </nl:Account>
            <nl:Account>
                <nl:AccountID>6510</nl:AccountID>
                <nl:AccountDescription>Håndverktøy</nl:AccountDescription>
                <nl:StandardAccountID>65</nl:StandardAccountID>
                <nl:AccountType>GL</nl:AccountType>
                <nl:OpeningDebitBalance>0.0</nl:OpeningDebitBalance>
                <nl:ClosingDebitBalance>0.0</nl:ClosingDebitBalance>
				<nl:OpeningCreditBalance>0.0</nl:OpeningCreditBalance>
                <nl:ClosingCreditBalance>0.0</nl:ClosingCreditBalance>
            </nl:Account>
            <nl:Account>
                <nl:AccountID>6520</nl:AccountID>
                <nl:AccountDescription>Hjelpeverktøy</nl:AccountDescription>
                <nl:StandardAccountID>65</nl:StandardAccountID>
                <nl:AccountType>GL</nl:AccountType>
                <nl:OpeningDebitBalance>0.0</nl:OpeningDebitBalance>
                <nl:ClosingDebitBalance>0.0</nl:ClosingDebitBalance>
				<nl:OpeningCreditBalance>0.0</nl:OpeningCreditBalance>
                <nl:ClosingCreditBalance>0.0</nl:ClosingCreditBalance>
            </nl:Account>
            <nl:Account>
                <nl:AccountID>6530</nl:AccountID>
                <nl:AccountDescription>Spesialverktøy</nl:AccountDescription>
                <nl:StandardAccountID>65</nl:StandardAccountID>
                <nl:AccountType>GL</nl:AccountType>
                <nl:OpeningDebitBalance>0.0</nl:OpeningDebitBalance>
                <nl:ClosingDebitBalance>0.0</nl:ClosingDebitBalance>
				<nl:OpeningCreditBalance>0.0</nl:OpeningCreditBalance>
                <nl:ClosingCreditBalance>0.0</nl:ClosingCreditBalance>
            </nl:Account>
            <nl:Account>
                <nl:AccountID>6540</nl:AccountID>
                <nl:AccountDescription>Inventar</nl:AccountDescription>
                <nl:StandardAccountID>65</nl:StandardAccountID>
                <nl:AccountType>GL</nl:AccountType>
                <nl:OpeningDebitBalance>0.0</nl:OpeningDebitBalance>
                <nl:ClosingDebitBalance>0.0</nl:ClosingDebitBalance>
				<nl:OpeningCreditBalance>0.0</nl:OpeningCreditBalance>
                <nl:ClosingCreditBalance>0.0</nl:ClosingCreditBalance>
            </nl:Account>
            <nl:Account>
                <nl:AccountID>6550</nl:AccountID>
                <nl:AccountDescription>Driftsmateriale</nl:AccountDescription>
                <nl:StandardAccountID>65</nl:StandardAccountID>
                <nl:AccountType>GL</nl:AccountType>
                <nl:OpeningDebitBalance>0.0</nl:OpeningDebitBalance>
                <nl:ClosingDebitBalance>0.0</nl:ClosingDebitBalance>
				<nl:OpeningCreditBalance>0.0</nl:OpeningCreditBalance>
                <nl:ClosingCreditBalance>0.0</nl:ClosingCreditBalance>
            </nl:Account>
            <nl:Account>
                <nl:AccountID>6551</nl:AccountID>
                <nl:AccountDescription>Datautstyr (hardware)</nl:AccountDescription>
                <nl:StandardAccountID>65</nl:StandardAccountID>
                <nl:AccountType>GL</nl:AccountType>
                <nl:OpeningDebitBalance>0.0</nl:OpeningDebitBalance>
                <nl:ClosingDebitBalance>0.0</nl:ClosingDebitBalance>
				<nl:OpeningCreditBalance>0.0</nl:OpeningCreditBalance>
                <nl:ClosingCreditBalance>0.0</nl:ClosingCreditBalance>
            </nl:Account>
            <nl:Account>
                <nl:AccountID>6552</nl:AccountID>
                <nl:AccountDescription>Datautstyr (software)</nl:AccountDescription>
                <nl:StandardAccountID>65</nl:StandardAccountID>
                <nl:AccountType>GL</nl:AccountType>
                <nl:OpeningDebitBalance>0.0</nl:OpeningDebitBalance>
                <nl:ClosingDebitBalance>0.0</nl:ClosingDebitBalance>
				<nl:OpeningCreditBalance>0.0</nl:OpeningCreditBalance>
                <nl:ClosingCreditBalance>0.0</nl:ClosingCreditBalance>
            </nl:Account>
            <nl:Account>
                <nl:AccountID>6560</nl:AccountID>
                <nl:AccountDescription>Rekvisita</nl:AccountDescription>
                <nl:StandardAccountID>65</nl:StandardAccountID>
                <nl:AccountType>GL</nl:AccountType>
                <nl:OpeningDebitBalance>0.0</nl:OpeningDebitBalance>
                <nl:ClosingDebitBalance>0.0</nl:ClosingDebitBalance>
				<nl:OpeningCreditBalance>0.0</nl:OpeningCreditBalance>
                <nl:ClosingCreditBalance>0.0</nl:ClosingCreditBalance>
            </nl:Account>
            <nl:Account>
                <nl:AccountID>6570</nl:AccountID>
                <nl:AccountDescription>Arbeidsklær og verneutstyr</nl:AccountDescription>
                <nl:StandardAccountID>65</nl:StandardAccountID>
                <nl:AccountType>GL</nl:AccountType>
                <nl:OpeningDebitBalance>0.0</nl:OpeningDebitBalance>
                <nl:ClosingDebitBalance>0.0</nl:ClosingDebitBalance>
				<nl:OpeningCreditBalance>0.0</nl:OpeningCreditBalance>
                <nl:ClosingCreditBalance>0.0</nl:ClosingCreditBalance>
            </nl:Account>
            <nl:Account>
                <nl:AccountID>6590</nl:AccountID>
                <nl:AccountDescription>Annet driftsmateriale</nl:AccountDescription>
                <nl:StandardAccountID>65</nl:StandardAccountID>
                <nl:AccountType>GL</nl:AccountType>
                <nl:OpeningDebitBalance>0.0</nl:OpeningDebitBalance>
                <nl:ClosingDebitBalance>0.0</nl:ClosingDebitBalance>
				<nl:OpeningCreditBalance>0.0</nl:OpeningCreditBalance>
                <nl:ClosingCreditBalance>0.0</nl:ClosingCreditBalance>
            </nl:Account>
            <nl:Account>
                <nl:AccountID>6600</nl:AccountID>
                <nl:AccountDescription>Reparasjon og vedlikehold bygninger</nl:AccountDescription>
                <nl:StandardAccountID>66</nl:StandardAccountID>
                <nl:AccountType>GL</nl:AccountType>
                <nl:OpeningDebitBalance>0.0</nl:OpeningDebitBalance>
                <nl:ClosingDebitBalance>0.0</nl:ClosingDebitBalance>
				<nl:OpeningCreditBalance>0.0</nl:OpeningCreditBalance>
                <nl:ClosingCreditBalance>0.0</nl:ClosingCreditBalance>
            </nl:Account>
            <nl:Account>
                <nl:AccountID>6620</nl:AccountID>
                <nl:AccountDescription>Reparasjon og vedlikehold utstyr</nl:AccountDescription>
                <nl:StandardAccountID>66</nl:StandardAccountID>
                <nl:AccountType>GL</nl:AccountType>
                <nl:OpeningDebitBalance>0.0</nl:OpeningDebitBalance>
                <nl:ClosingDebitBalance>0.0</nl:ClosingDebitBalance>
				<nl:OpeningCreditBalance>0.0</nl:OpeningCreditBalance>
                <nl:ClosingCreditBalance>0.0</nl:ClosingCreditBalance>
            </nl:Account>
            <nl:Account>
                <nl:AccountID>6690</nl:AccountID>
                <nl:AccountDescription>Reparasjon og vedlikehold annet</nl:AccountDescription>
                <nl:StandardAccountID>66</nl:StandardAccountID>
                <nl:AccountType>GL</nl:AccountType>
                <nl:OpeningDebitBalance>0.0</nl:OpeningDebitBalance>
                <nl:ClosingDebitBalance>0.0</nl:ClosingDebitBalance>
				<nl:OpeningCreditBalance>0.0</nl:OpeningCreditBalance>
                <nl:ClosingCreditBalance>0.0</nl:ClosingCreditBalance>
            </nl:Account>
            <nl:Account>
                <nl:AccountID>6701</nl:AccountID>
                <nl:AccountDescription>Honorar revisjon</nl:AccountDescription>
                <nl:StandardAccountID>67</nl:StandardAccountID>
                <nl:AccountType>GL</nl:AccountType>
                <nl:OpeningDebitBalance>0.0</nl:OpeningDebitBalance>
                <nl:ClosingDebitBalance>0.0</nl:ClosingDebitBalance>
				<nl:OpeningCreditBalance>0.0</nl:OpeningCreditBalance>
                <nl:ClosingCreditBalance>0.0</nl:ClosingCreditBalance>
            </nl:Account>
            <nl:Account>
                <nl:AccountID>6702</nl:AccountID>
                <nl:AccountDescription>Honorar rådgivning revisjon</nl:AccountDescription>
                <nl:StandardAccountID>67</nl:StandardAccountID>
                <nl:AccountType>GL</nl:AccountType>
                <nl:OpeningDebitBalance>0.0</nl:OpeningDebitBalance>
                <nl:ClosingDebitBalance>0.0</nl:ClosingDebitBalance>
				<nl:OpeningCreditBalance>0.0</nl:OpeningCreditBalance>
                <nl:ClosingCreditBalance>0.0</nl:ClosingCreditBalance>
            </nl:Account>
            <nl:Account>
                <nl:AccountID>6705</nl:AccountID>
                <nl:AccountDescription>Honorar regnskap</nl:AccountDescription>
                <nl:StandardAccountID>67</nl:StandardAccountID>
                <nl:AccountType>GL</nl:AccountType>
                <nl:OpeningDebitBalance>0.0</nl:OpeningDebitBalance>
                <nl:ClosingDebitBalance>0.0</nl:ClosingDebitBalance>
				<nl:OpeningCreditBalance>0.0</nl:OpeningCreditBalance>
                <nl:ClosingCreditBalance>0.0</nl:ClosingCreditBalance>
            </nl:Account>
            <nl:Account>
                <nl:AccountID>6720</nl:AccountID>
                <nl:AccountDescription>Honorar for økonomisk rådgivning</nl:AccountDescription>
                <nl:StandardAccountID>67</nl:StandardAccountID>
                <nl:AccountType>GL</nl:AccountType>
                <nl:OpeningDebitBalance>0.0</nl:OpeningDebitBalance>
                <nl:ClosingDebitBalance>0.0</nl:ClosingDebitBalance>
				<nl:OpeningCreditBalance>0.0</nl:OpeningCreditBalance>
                <nl:ClosingCreditBalance>0.0</nl:ClosingCreditBalance>
            </nl:Account>
            <nl:Account>
                <nl:AccountID>6725</nl:AccountID>
                <nl:AccountDescription>Honorar for juridisk bistand, fradragsberettiget</nl:AccountDescription>
                <nl:StandardAccountID>67</nl:StandardAccountID>
                <nl:AccountType>GL</nl:AccountType>
                <nl:OpeningDebitBalance>0.0</nl:OpeningDebitBalance>
                <nl:ClosingDebitBalance>0.0</nl:ClosingDebitBalance>
				<nl:OpeningCreditBalance>0.0</nl:OpeningCreditBalance>
                <nl:ClosingCreditBalance>0.0</nl:ClosingCreditBalance>
            </nl:Account>
            <nl:Account>
                <nl:AccountID>6726</nl:AccountID>
                <nl:AccountDescription>Honorar for juridisk bistand, ikke fradragsberettiget</nl:AccountDescription>
                <nl:StandardAccountID>67</nl:StandardAccountID>
                <nl:AccountType>GL</nl:AccountType>
                <nl:OpeningDebitBalance>0.0</nl:OpeningDebitBalance>
                <nl:ClosingDebitBalance>0.0</nl:ClosingDebitBalance>
				<nl:OpeningCreditBalance>0.0</nl:OpeningCreditBalance>
                <nl:ClosingCreditBalance>0.0</nl:ClosingCreditBalance>
            </nl:Account>
            <nl:Account>
                <nl:AccountID>6790</nl:AccountID>
                <nl:AccountDescription>Annen fremmed tjeneste</nl:AccountDescription>
                <nl:StandardAccountID>67</nl:StandardAccountID>
                <nl:AccountType>GL</nl:AccountType>
                <nl:OpeningDebitBalance>0.0</nl:OpeningDebitBalance>
                <nl:ClosingDebitBalance>0.0</nl:ClosingDebitBalance>
				<nl:OpeningCreditBalance>0.0</nl:OpeningCreditBalance>
                <nl:ClosingCreditBalance>0.0</nl:ClosingCreditBalance>
            </nl:Account>
            <nl:Account>
                <nl:AccountID>6800</nl:AccountID>
                <nl:AccountDescription>Kontorrekvisita</nl:AccountDescription>
                <nl:StandardAccountID>68</nl:StandardAccountID>
                <nl:AccountType>GL</nl:AccountType>
                <nl:OpeningDebitBalance>0.0</nl:OpeningDebitBalance>
                <nl:ClosingDebitBalance>0.0</nl:ClosingDebitBalance>
				<nl:OpeningCreditBalance>0.0</nl:OpeningCreditBalance>
                <nl:ClosingCreditBalance>0.0</nl:ClosingCreditBalance>
            </nl:Account>
            <nl:Account>
                <nl:AccountID>6810</nl:AccountID>
                <nl:AccountDescription>Data/EDB-kostnad</nl:AccountDescription>
                <nl:StandardAccountID>68</nl:StandardAccountID>
                <nl:AccountType>GL</nl:AccountType>
                <nl:OpeningDebitBalance>0.0</nl:OpeningDebitBalance>
                <nl:ClosingDebitBalance>0.0</nl:ClosingDebitBalance>
				<nl:OpeningCreditBalance>0.0</nl:OpeningCreditBalance>
                <nl:ClosingCreditBalance>0.0</nl:ClosingCreditBalance>
            </nl:Account>
            <nl:Account>
                <nl:AccountID>6820</nl:AccountID>
                <nl:AccountDescription>Trykksak</nl:AccountDescription>
                <nl:StandardAccountID>68</nl:StandardAccountID>
                <nl:AccountType>GL</nl:AccountType>
                <nl:OpeningDebitBalance>0.0</nl:OpeningDebitBalance>
                <nl:ClosingDebitBalance>0.0</nl:ClosingDebitBalance>
				<nl:OpeningCreditBalance>0.0</nl:OpeningCreditBalance>
                <nl:ClosingCreditBalance>0.0</nl:ClosingCreditBalance>
            </nl:Account>
            <nl:Account>
                <nl:AccountID>6840</nl:AccountID>
                <nl:AccountDescription>Aviser, tidsskrifter, bøker o.l.</nl:AccountDescription>
                <nl:StandardAccountID>68</nl:StandardAccountID>
                <nl:AccountType>GL</nl:AccountType>
                <nl:OpeningDebitBalance>0.0</nl:OpeningDebitBalance>
                <nl:ClosingDebitBalance>0.0</nl:ClosingDebitBalance>
				<nl:OpeningCreditBalance>0.0</nl:OpeningCreditBalance>
                <nl:ClosingCreditBalance>0.0</nl:ClosingCreditBalance>
            </nl:Account>
            <nl:Account>
                <nl:AccountID>6860</nl:AccountID>
                <nl:AccountDescription>Møte, kurs, oppdatering o.l.</nl:AccountDescription>
                <nl:StandardAccountID>68</nl:StandardAccountID>
                <nl:AccountType>GL</nl:AccountType>
                <nl:OpeningDebitBalance>0.0</nl:OpeningDebitBalance>
                <nl:ClosingDebitBalance>0.0</nl:ClosingDebitBalance>
				<nl:OpeningCreditBalance>0.0</nl:OpeningCreditBalance>
                <nl:ClosingCreditBalance>0.0</nl:ClosingCreditBalance>
            </nl:Account>
            <nl:Account>
                <nl:AccountID>6890</nl:AccountID>
                <nl:AccountDescription>Annen kontorkostnad</nl:AccountDescription>
                <nl:StandardAccountID>68</nl:StandardAccountID>
                <nl:AccountType>GL</nl:AccountType>
                <nl:OpeningDebitBalance>0.0</nl:OpeningDebitBalance>
                <nl:ClosingDebitBalance>0.0</nl:ClosingDebitBalance>
				<nl:OpeningCreditBalance>0.0</nl:OpeningCreditBalance>
                <nl:ClosingCreditBalance>0.0</nl:ClosingCreditBalance>
            </nl:Account>
            <nl:Account>
                <nl:AccountID>6900</nl:AccountID>
                <nl:AccountDescription>Telefon</nl:AccountDescription>
                <nl:StandardAccountID>69</nl:StandardAccountID>
                <nl:AccountType>GL</nl:AccountType>
                <nl:OpeningDebitBalance>0.0</nl:OpeningDebitBalance>
                <nl:ClosingDebitBalance>0.0</nl:ClosingDebitBalance>
				<nl:OpeningCreditBalance>0.0</nl:OpeningCreditBalance>
                <nl:ClosingCreditBalance>0.0</nl:ClosingCreditBalance>
            </nl:Account>
            <nl:Account>
                <nl:AccountID>6940</nl:AccountID>
                <nl:AccountDescription>Porto</nl:AccountDescription>
                <nl:StandardAccountID>69</nl:StandardAccountID>
                <nl:AccountType>GL</nl:AccountType>
                <nl:OpeningDebitBalance>0.0</nl:OpeningDebitBalance>
                <nl:ClosingDebitBalance>0.0</nl:ClosingDebitBalance>
				<nl:OpeningCreditBalance>0.0</nl:OpeningCreditBalance>
                <nl:ClosingCreditBalance>0.0</nl:ClosingCreditBalance>
            </nl:Account>
            <nl:Account>
                <nl:AccountID>7000</nl:AccountID>
                <nl:AccountDescription>Drivstoff, selskapets transportmidler</nl:AccountDescription>
                <nl:StandardAccountID>70</nl:StandardAccountID>
                <nl:AccountType>GL</nl:AccountType>
                <nl:OpeningDebitBalance>0.0</nl:OpeningDebitBalance>
                <nl:ClosingDebitBalance>0.0</nl:ClosingDebitBalance>
				<nl:OpeningCreditBalance>0.0</nl:OpeningCreditBalance>
                <nl:ClosingCreditBalance>0.0</nl:ClosingCreditBalance>
            </nl:Account>
            <nl:Account>
                <nl:AccountID>7020</nl:AccountID>
                <nl:AccountDescription>Vedlikehold, selskapets transportmidler</nl:AccountDescription>
                <nl:StandardAccountID>70</nl:StandardAccountID>
                <nl:AccountType>GL</nl:AccountType>
                <nl:OpeningDebitBalance>0.0</nl:OpeningDebitBalance>
                <nl:ClosingDebitBalance>0.0</nl:ClosingDebitBalance>
				<nl:OpeningCreditBalance>0.0</nl:OpeningCreditBalance>
                <nl:ClosingCreditBalance>0.0</nl:ClosingCreditBalance>
            </nl:Account>
            <nl:Account>
                <nl:AccountID>7040</nl:AccountID>
                <nl:AccountDescription>Forsikring, selskapets transportmidler</nl:AccountDescription>
                <nl:StandardAccountID>70</nl:StandardAccountID>
                <nl:AccountType>GL</nl:AccountType>
                <nl:OpeningDebitBalance>0.0</nl:OpeningDebitBalance>
                <nl:ClosingDebitBalance>0.0</nl:ClosingDebitBalance>
				<nl:OpeningCreditBalance>0.0</nl:OpeningCreditBalance>
                <nl:ClosingCreditBalance>0.0</nl:ClosingCreditBalance>
            </nl:Account>
            <nl:Account>
                <nl:AccountID>7080</nl:AccountID>
                <nl:AccountDescription>Bilkostnader, bruk av privat bil i næring</nl:AccountDescription>
                <nl:StandardAccountID>70</nl:StandardAccountID>
                <nl:AccountType>GL</nl:AccountType>
                <nl:OpeningDebitBalance>0.0</nl:OpeningDebitBalance>
                <nl:ClosingDebitBalance>0.0</nl:ClosingDebitBalance>
				<nl:OpeningCreditBalance>0.0</nl:OpeningCreditBalance>
                <nl:ClosingCreditBalance>0.0</nl:ClosingCreditBalance>
            </nl:Account>
            <nl:Account>
                <nl:AccountID>7090</nl:AccountID>
                <nl:AccountDescription>Annen kostnad, selskapets transportmidler</nl:AccountDescription>
                <nl:StandardAccountID>70</nl:StandardAccountID>
                <nl:AccountType>GL</nl:AccountType>
                <nl:OpeningDebitBalance>0.0</nl:OpeningDebitBalance>
                <nl:ClosingDebitBalance>0.0</nl:ClosingDebitBalance>
				<nl:OpeningCreditBalance>0.0</nl:OpeningCreditBalance>
                <nl:ClosingCreditBalance>0.0</nl:ClosingCreditBalance>
            </nl:Account>
            <nl:Account>
                <nl:AccountID>7100</nl:AccountID>
                <nl:AccountDescription>Bilgodtgjørelse oppgavepliktig</nl:AccountDescription>
                <nl:StandardAccountID>71</nl:StandardAccountID>
                <nl:AccountType>GL</nl:AccountType>
                <nl:OpeningDebitBalance>0.0</nl:OpeningDebitBalance>
                <nl:ClosingDebitBalance>0.0</nl:ClosingDebitBalance>
				<nl:OpeningCreditBalance>0.0</nl:OpeningCreditBalance>
                <nl:ClosingCreditBalance>0.0</nl:ClosingCreditBalance>
            </nl:Account>
            <nl:Account>
                <nl:AccountID>7130</nl:AccountID>
                <nl:AccountDescription>Reisekostnad, oppgavepliktig</nl:AccountDescription>
                <nl:StandardAccountID>71</nl:StandardAccountID>
                <nl:AccountType>GL</nl:AccountType>
                <nl:OpeningDebitBalance>0.0</nl:OpeningDebitBalance>
                <nl:ClosingDebitBalance>0.0</nl:ClosingDebitBalance>
				<nl:OpeningCreditBalance>0.0</nl:OpeningCreditBalance>
                <nl:ClosingCreditBalance>0.0</nl:ClosingCreditBalance>
            </nl:Account>
            <nl:Account>
                <nl:AccountID>7140</nl:AccountID>
                <nl:AccountDescription>Reisekostnad, ikke oppgavepliktig</nl:AccountDescription>
                <nl:StandardAccountID>71</nl:StandardAccountID>
                <nl:AccountType>GL</nl:AccountType>
                <nl:OpeningDebitBalance>0.0</nl:OpeningDebitBalance>
                <nl:ClosingDebitBalance>0.0</nl:ClosingDebitBalance>
				<nl:OpeningCreditBalance>0.0</nl:OpeningCreditBalance>
                <nl:ClosingCreditBalance>0.0</nl:ClosingCreditBalance>
            </nl:Account>
            <nl:Account>
                <nl:AccountID>7150</nl:AccountID>
                <nl:AccountDescription>Diettkostnad, oppgavepliktig</nl:AccountDescription>
                <nl:StandardAccountID>71</nl:StandardAccountID>
                <nl:AccountType>GL</nl:AccountType>
                <nl:OpeningDebitBalance>0.0</nl:OpeningDebitBalance>
                <nl:ClosingDebitBalance>0.0</nl:ClosingDebitBalance>
				<nl:OpeningCreditBalance>0.0</nl:OpeningCreditBalance>
                <nl:ClosingCreditBalance>0.0</nl:ClosingCreditBalance>
            </nl:Account>
            <nl:Account>
                <nl:AccountID>7160</nl:AccountID>
                <nl:AccountDescription>Diettkostnad, ikke oppgavepliktig</nl:AccountDescription>
                <nl:StandardAccountID>71</nl:StandardAccountID>
                <nl:AccountType>GL</nl:AccountType>
                <nl:OpeningDebitBalance>0.0</nl:OpeningDebitBalance>
                <nl:ClosingDebitBalance>0.0</nl:ClosingDebitBalance>
				<nl:OpeningCreditBalance>0.0</nl:OpeningCreditBalance>
                <nl:ClosingCreditBalance>0.0</nl:ClosingCreditBalance>
            </nl:Account>
            <nl:Account>
                <nl:AccountID>7190</nl:AccountID>
                <nl:AccountDescription>Annen kostnadsgodtgjørelse</nl:AccountDescription>
                <nl:StandardAccountID>71</nl:StandardAccountID>
                <nl:AccountType>GL</nl:AccountType>
                <nl:OpeningDebitBalance>0.0</nl:OpeningDebitBalance>
                <nl:ClosingDebitBalance>0.0</nl:ClosingDebitBalance>
				<nl:OpeningCreditBalance>0.0</nl:OpeningCreditBalance>
                <nl:ClosingCreditBalance>0.0</nl:ClosingCreditBalance>
            </nl:Account>
            <nl:Account>
                <nl:AccountID>7200</nl:AccountID>
                <nl:AccountDescription>Provisjonskostnad, oppgavepliktig</nl:AccountDescription>
                <nl:StandardAccountID>72</nl:StandardAccountID>
                <nl:AccountType>GL</nl:AccountType>
                <nl:OpeningDebitBalance>0.0</nl:OpeningDebitBalance>
                <nl:ClosingDebitBalance>0.0</nl:ClosingDebitBalance>
				<nl:OpeningCreditBalance>0.0</nl:OpeningCreditBalance>
                <nl:ClosingCreditBalance>0.0</nl:ClosingCreditBalance>
            </nl:Account>
            <nl:Account>
                <nl:AccountID>7210</nl:AccountID>
                <nl:AccountDescription>Provisjonskostnad, ikke oppgavepliktig</nl:AccountDescription>
                <nl:StandardAccountID>72</nl:StandardAccountID>
                <nl:AccountType>GL</nl:AccountType>
                <nl:OpeningDebitBalance>0.0</nl:OpeningDebitBalance>
                <nl:ClosingDebitBalance>0.0</nl:ClosingDebitBalance>
				<nl:OpeningCreditBalance>0.0</nl:OpeningCreditBalance>
                <nl:ClosingCreditBalance>0.0</nl:ClosingCreditBalance>
            </nl:Account>
            <nl:Account>
                <nl:AccountID>7300</nl:AccountID>
                <nl:AccountDescription>Salgskostnad</nl:AccountDescription>
                <nl:StandardAccountID>73</nl:StandardAccountID>
                <nl:AccountType>GL</nl:AccountType>
                <nl:OpeningDebitBalance>0.0</nl:OpeningDebitBalance>
                <nl:ClosingDebitBalance>0.0</nl:ClosingDebitBalance>
				<nl:OpeningCreditBalance>0.0</nl:OpeningCreditBalance>
                <nl:ClosingCreditBalance>0.0</nl:ClosingCreditBalance>
            </nl:Account>
            <nl:Account>
                <nl:AccountID>7320</nl:AccountID>
                <nl:AccountDescription>Reklamekostnad</nl:AccountDescription>
                <nl:StandardAccountID>73</nl:StandardAccountID>
                <nl:AccountType>GL</nl:AccountType>
                <nl:OpeningDebitBalance>0.0</nl:OpeningDebitBalance>
                <nl:ClosingDebitBalance>0.0</nl:ClosingDebitBalance>
				<nl:OpeningCreditBalance>0.0</nl:OpeningCreditBalance>
                <nl:ClosingCreditBalance>0.0</nl:ClosingCreditBalance>
            </nl:Account>
            <nl:Account>
                <nl:AccountID>7350</nl:AccountID>
                <nl:AccountDescription>Representasjon, fradragsberettiget</nl:AccountDescription>
                <nl:StandardAccountID>73</nl:StandardAccountID>
                <nl:AccountType>GL</nl:AccountType>
                <nl:OpeningDebitBalance>0.0</nl:OpeningDebitBalance>
                <nl:ClosingDebitBalance>0.0</nl:ClosingDebitBalance>
				<nl:OpeningCreditBalance>0.0</nl:OpeningCreditBalance>
                <nl:ClosingCreditBalance>0.0</nl:ClosingCreditBalance>
            </nl:Account>
            <nl:Account>
                <nl:AccountID>7360</nl:AccountID>
                <nl:AccountDescription>Representasjon, ikke fradragsberettiget</nl:AccountDescription>
                <nl:StandardAccountID>73</nl:StandardAccountID>
                <nl:AccountType>GL</nl:AccountType>
                <nl:OpeningDebitBalance>0.0</nl:OpeningDebitBalance>
                <nl:ClosingDebitBalance>0.0</nl:ClosingDebitBalance>
				<nl:OpeningCreditBalance>0.0</nl:OpeningCreditBalance>
                <nl:ClosingCreditBalance>0.0</nl:ClosingCreditBalance>
            </nl:Account>
            <nl:Account>
                <nl:AccountID>7390</nl:AccountID>
                <nl:AccountDescription>Annen salgskostnad</nl:AccountDescription>
                <nl:StandardAccountID>73</nl:StandardAccountID>
                <nl:AccountType>GL</nl:AccountType>
                <nl:OpeningDebitBalance>0.0</nl:OpeningDebitBalance>
                <nl:ClosingDebitBalance>0.0</nl:ClosingDebitBalance>
				<nl:OpeningCreditBalance>0.0</nl:OpeningCreditBalance>
                <nl:ClosingCreditBalance>0.0</nl:ClosingCreditBalance>
            </nl:Account>
            <nl:Account>
                <nl:AccountID>7400</nl:AccountID>
                <nl:AccountDescription>Kontingent, fradragsberettiget</nl:AccountDescription>
                <nl:StandardAccountID>74</nl:StandardAccountID>
                <nl:AccountType>GL</nl:AccountType>
                <nl:OpeningDebitBalance>0.0</nl:OpeningDebitBalance>
                <nl:ClosingDebitBalance>0.0</nl:ClosingDebitBalance>
				<nl:OpeningCreditBalance>0.0</nl:OpeningCreditBalance>
                <nl:ClosingCreditBalance>0.0</nl:ClosingCreditBalance>
            </nl:Account>
            <nl:Account>
                <nl:AccountID>7410</nl:AccountID>
                <nl:AccountDescription>Kontingent, ikke fradragsberettiget</nl:AccountDescription>
                <nl:StandardAccountID>74</nl:StandardAccountID>
                <nl:AccountType>GL</nl:AccountType>
                <nl:OpeningDebitBalance>0.0</nl:OpeningDebitBalance>
                <nl:ClosingDebitBalance>0.0</nl:ClosingDebitBalance>
				<nl:OpeningCreditBalance>0.0</nl:OpeningCreditBalance>
                <nl:ClosingCreditBalance>0.0</nl:ClosingCreditBalance>
            </nl:Account>
            <nl:Account>
                <nl:AccountID>7420</nl:AccountID>
                <nl:AccountDescription>Gave, fradragsberettiget</nl:AccountDescription>
                <nl:StandardAccountID>74</nl:StandardAccountID>
                <nl:AccountType>GL</nl:AccountType>
                <nl:OpeningDebitBalance>0.0</nl:OpeningDebitBalance>
                <nl:ClosingDebitBalance>0.0</nl:ClosingDebitBalance>
				<nl:OpeningCreditBalance>0.0</nl:OpeningCreditBalance>
                <nl:ClosingCreditBalance>0.0</nl:ClosingCreditBalance>
            </nl:Account>
            <nl:Account>
                <nl:AccountID>7430</nl:AccountID>
                <nl:AccountDescription>Gave, ikke fradragsberettiget</nl:AccountDescription>
                <nl:StandardAccountID>74</nl:StandardAccountID>
                <nl:AccountType>GL</nl:AccountType>
                <nl:OpeningDebitBalance>0.0</nl:OpeningDebitBalance>
                <nl:ClosingDebitBalance>0.0</nl:ClosingDebitBalance>
				<nl:OpeningCreditBalance>0.0</nl:OpeningCreditBalance>
                <nl:ClosingCreditBalance>0.0</nl:ClosingCreditBalance>
            </nl:Account>
            <nl:Account>
                <nl:AccountID>7500</nl:AccountID>
                <nl:AccountDescription>Forsikringspremie</nl:AccountDescription>
                <nl:StandardAccountID>75</nl:StandardAccountID>
                <nl:AccountType>GL</nl:AccountType>
                <nl:OpeningDebitBalance>0.0</nl:OpeningDebitBalance>
                <nl:ClosingDebitBalance>0.0</nl:ClosingDebitBalance>
				<nl:OpeningCreditBalance>0.0</nl:OpeningCreditBalance>
                <nl:ClosingCreditBalance>0.0</nl:ClosingCreditBalance>
            </nl:Account>
            <nl:Account>
                <nl:AccountID>7550</nl:AccountID>
                <nl:AccountDescription>Garantikostnad</nl:AccountDescription>
                <nl:StandardAccountID>75</nl:StandardAccountID>
                <nl:AccountType>GL</nl:AccountType>
                <nl:OpeningDebitBalance>0.0</nl:OpeningDebitBalance>
                <nl:ClosingDebitBalance>0.0</nl:ClosingDebitBalance>
				<nl:OpeningCreditBalance>0.0</nl:OpeningCreditBalance>
                <nl:ClosingCreditBalance>0.0</nl:ClosingCreditBalance>
            </nl:Account>
            <nl:Account>
                <nl:AccountID>7560</nl:AccountID>
                <nl:AccountDescription>Servicekostnad</nl:AccountDescription>
                <nl:StandardAccountID>75</nl:StandardAccountID>
                <nl:AccountType>GL</nl:AccountType>
                <nl:OpeningDebitBalance>0.0</nl:OpeningDebitBalance>
                <nl:ClosingDebitBalance>0.0</nl:ClosingDebitBalance>
				<nl:OpeningCreditBalance>0.0</nl:OpeningCreditBalance>
                <nl:ClosingCreditBalance>0.0</nl:ClosingCreditBalance>
            </nl:Account>
            <nl:Account>
                <nl:AccountID>7600</nl:AccountID>
                <nl:AccountDescription>Lisensavgift og royalties</nl:AccountDescription>
                <nl:StandardAccountID>76</nl:StandardAccountID>
                <nl:AccountType>GL</nl:AccountType>
                <nl:OpeningDebitBalance>0.0</nl:OpeningDebitBalance>
                <nl:ClosingDebitBalance>0.0</nl:ClosingDebitBalance>
				<nl:OpeningCreditBalance>0.0</nl:OpeningCreditBalance>
                <nl:ClosingCreditBalance>0.0</nl:ClosingCreditBalance>
            </nl:Account>
            <nl:Account>
                <nl:AccountID>7610</nl:AccountID>
                <nl:AccountDescription>Patentkostnad ved egen patent</nl:AccountDescription>
                <nl:StandardAccountID>76</nl:StandardAccountID>
                <nl:AccountType>GL</nl:AccountType>
                <nl:OpeningDebitBalance>0.0</nl:OpeningDebitBalance>
                <nl:ClosingDebitBalance>0.0</nl:ClosingDebitBalance>
				<nl:OpeningCreditBalance>0.0</nl:OpeningCreditBalance>
                <nl:ClosingCreditBalance>0.0</nl:ClosingCreditBalance>
            </nl:Account>
            <nl:Account>
                <nl:AccountID>7620</nl:AccountID>
                <nl:AccountDescription>Kostnad ved varemerke o.l.</nl:AccountDescription>
                <nl:StandardAccountID>76</nl:StandardAccountID>
                <nl:AccountType>GL</nl:AccountType>
                <nl:OpeningDebitBalance>0.0</nl:OpeningDebitBalance>
                <nl:ClosingDebitBalance>0.0</nl:ClosingDebitBalance>
				<nl:OpeningCreditBalance>0.0</nl:OpeningCreditBalance>
                <nl:ClosingCreditBalance>0.0</nl:ClosingCreditBalance>
            </nl:Account>
            <nl:Account>
                <nl:AccountID>7630</nl:AccountID>
                <nl:AccountDescription>Kontroll-, prøve- og stempelavgift</nl:AccountDescription>
                <nl:StandardAccountID>76</nl:StandardAccountID>
                <nl:AccountType>GL</nl:AccountType>
                <nl:OpeningDebitBalance>0.0</nl:OpeningDebitBalance>
                <nl:ClosingDebitBalance>0.0</nl:ClosingDebitBalance>
				<nl:OpeningCreditBalance>0.0</nl:OpeningCreditBalance>
                <nl:ClosingCreditBalance>0.0</nl:ClosingCreditBalance>
            </nl:Account>
            <nl:Account>
                <nl:AccountID>7700</nl:AccountID>
                <nl:AccountDescription>Styre- og bedriftsforsamlingsmøter</nl:AccountDescription>
                <nl:StandardAccountID>77</nl:StandardAccountID>
                <nl:AccountType>GL</nl:AccountType>
                <nl:OpeningDebitBalance>0.0</nl:OpeningDebitBalance>
                <nl:ClosingDebitBalance>0.0</nl:ClosingDebitBalance>
				<nl:OpeningCreditBalance>0.0</nl:OpeningCreditBalance>
                <nl:ClosingCreditBalance>0.0</nl:ClosingCreditBalance>
            </nl:Account>
            <nl:Account>
                <nl:AccountID>7710</nl:AccountID>
                <nl:AccountDescription>Generalforsamling</nl:AccountDescription>
                <nl:StandardAccountID>77</nl:StandardAccountID>
                <nl:AccountType>GL</nl:AccountType>
                <nl:OpeningDebitBalance>0.0</nl:OpeningDebitBalance>
                <nl:ClosingDebitBalance>0.0</nl:ClosingDebitBalance>
				<nl:OpeningCreditBalance>0.0</nl:OpeningCreditBalance>
                <nl:ClosingCreditBalance>0.0</nl:ClosingCreditBalance>
            </nl:Account>
            <nl:Account>
                <nl:AccountID>7730</nl:AccountID>
                <nl:AccountDescription>Kostnad ved egne aksjer</nl:AccountDescription>
                <nl:StandardAccountID>77</nl:StandardAccountID>
                <nl:AccountType>GL</nl:AccountType>
                <nl:OpeningDebitBalance>0.0</nl:OpeningDebitBalance>
                <nl:ClosingDebitBalance>0.0</nl:ClosingDebitBalance>
				<nl:OpeningCreditBalance>0.0</nl:OpeningCreditBalance>
                <nl:ClosingCreditBalance>0.0</nl:ClosingCreditBalance>
            </nl:Account>
            <nl:Account>
                <nl:AccountID>7740</nl:AccountID>
                <nl:AccountDescription>Øredifferanser</nl:AccountDescription>
                <nl:StandardAccountID>77</nl:StandardAccountID>
                <nl:AccountType>GL</nl:AccountType>
                <nl:OpeningDebitBalance>0.0</nl:OpeningDebitBalance>
                <nl:ClosingDebitBalance>0.0</nl:ClosingDebitBalance>
				<nl:OpeningCreditBalance>0.0</nl:OpeningCreditBalance>
                <nl:ClosingCreditBalance>0.0</nl:ClosingCreditBalance>
            </nl:Account>
            <nl:Account>
                <nl:AccountID>7750</nl:AccountID>
                <nl:AccountDescription>Eiendoms- og festeavgift</nl:AccountDescription>
                <nl:StandardAccountID>77</nl:StandardAccountID>
                <nl:AccountType>GL</nl:AccountType>
                <nl:OpeningDebitBalance>0.0</nl:OpeningDebitBalance>
                <nl:ClosingDebitBalance>0.0</nl:ClosingDebitBalance>
				<nl:OpeningCreditBalance>0.0</nl:OpeningCreditBalance>
                <nl:ClosingCreditBalance>0.0</nl:ClosingCreditBalance>
            </nl:Account>
            <nl:Account>
                <nl:AccountID>7770</nl:AccountID>
                <nl:AccountDescription>Bank og kortgebyrer</nl:AccountDescription>
                <nl:StandardAccountID>77</nl:StandardAccountID>
                <nl:AccountType>GL</nl:AccountType>
                <nl:OpeningDebitBalance>0.0</nl:OpeningDebitBalance>
                <nl:ClosingDebitBalance>0.0</nl:ClosingDebitBalance>
				<nl:OpeningCreditBalance>0.0</nl:OpeningCreditBalance>
                <nl:ClosingCreditBalance>0.0</nl:ClosingCreditBalance>
            </nl:Account>
            <nl:Account>
                <nl:AccountID>7790</nl:AccountID>
                <nl:AccountDescription>Annen kostnad, fradragsberettiget</nl:AccountDescription>
                <nl:StandardAccountID>77</nl:StandardAccountID>
                <nl:AccountType>GL</nl:AccountType>
                <nl:OpeningDebitBalance>0.0</nl:OpeningDebitBalance>
                <nl:ClosingDebitBalance>0.0</nl:ClosingDebitBalance>
				<nl:OpeningCreditBalance>0.0</nl:OpeningCreditBalance>
                <nl:ClosingCreditBalance>0.0</nl:ClosingCreditBalance>
            </nl:Account>
            <nl:Account>
                <nl:AccountID>7791</nl:AccountID>
                <nl:AccountDescription>Annen kostnad, ikke fradragsberettiget</nl:AccountDescription>
                <nl:StandardAccountID>77</nl:StandardAccountID>
                <nl:AccountType>GL</nl:AccountType>
                <nl:OpeningDebitBalance>0.0</nl:OpeningDebitBalance>
                <nl:ClosingDebitBalance>0.0</nl:ClosingDebitBalance>
				<nl:OpeningCreditBalance>0.0</nl:OpeningCreditBalance>
                <nl:ClosingCreditBalance>0.0</nl:ClosingCreditBalance>
            </nl:Account>
            <nl:Account>
                <nl:AccountID>7800</nl:AccountID>
                <nl:AccountDescription>Tap ved avgang av anleggsmidler</nl:AccountDescription>
                <nl:StandardAccountID>78</nl:StandardAccountID>
                <nl:AccountType>GL</nl:AccountType>
                <nl:OpeningDebitBalance>0.0</nl:OpeningDebitBalance>
                <nl:ClosingDebitBalance>0.0</nl:ClosingDebitBalance>
				<nl:OpeningCreditBalance>81000000</nl:OpeningCreditBalance>
                <nl:ClosingCreditBalance>11000000</nl:ClosingCreditBalance>
            </nl:Account>
            <nl:Account>
                <nl:AccountID>7805</nl:AccountID>
                <nl:AccountDescription>Salgssum anleggsmidler avgiftsfri</nl:AccountDescription>
                <nl:StandardAccountID>78</nl:StandardAccountID>
                <nl:AccountType>GL</nl:AccountType>
                <nl:OpeningDebitBalance>0.0</nl:OpeningDebitBalance>
                <nl:ClosingDebitBalance>0.0</nl:ClosingDebitBalance>
				<nl:OpeningCreditBalance>0.0</nl:OpeningCreditBalance>
                <nl:ClosingCreditBalance>0.0</nl:ClosingCreditBalance>
            </nl:Account>
            <nl:Account>
                <nl:AccountID>7807</nl:AccountID>
                <nl:AccountDescription>Salgssum anleggsmidler utenfor avgiftsområdet</nl:AccountDescription>
                <nl:StandardAccountID>78</nl:StandardAccountID>
                <nl:AccountType>GL</nl:AccountType>
                <nl:OpeningDebitBalance>0.0</nl:OpeningDebitBalance>
                <nl:ClosingDebitBalance>0.0</nl:ClosingDebitBalance>
				<nl:OpeningCreditBalance>0.0</nl:OpeningCreditBalance>
                <nl:ClosingCreditBalance>0.0</nl:ClosingCreditBalance>
            </nl:Account>
            <nl:Account>
                <nl:AccountID>7809</nl:AccountID>
                <nl:AccountDescription>Motkonto balanseverdi solgte anleggsmidler</nl:AccountDescription>
                <nl:StandardAccountID>78</nl:StandardAccountID>
                <nl:AccountType>GL</nl:AccountType>
                <nl:OpeningDebitBalance>0.0</nl:OpeningDebitBalance>
                <nl:ClosingDebitBalance>0.0</nl:ClosingDebitBalance>
				<nl:OpeningCreditBalance>0.0</nl:OpeningCreditBalance>
                <nl:ClosingCreditBalance>0.0</nl:ClosingCreditBalance>
            </nl:Account>
            <nl:Account>
                <nl:AccountID>7820</nl:AccountID>
                <nl:AccountDescription>Innkommet på tidligere nedskrevne fordringer</nl:AccountDescription>
                <nl:StandardAccountID>78</nl:StandardAccountID>
                <nl:AccountType>GL</nl:AccountType>
                <nl:OpeningDebitBalance>0.0</nl:OpeningDebitBalance>
                <nl:ClosingDebitBalance>0.0</nl:ClosingDebitBalance>
				<nl:OpeningCreditBalance>0.0</nl:OpeningCreditBalance>
                <nl:ClosingCreditBalance>0.0</nl:ClosingCreditBalance>
            </nl:Account>
            <nl:Account>
                <nl:AccountID>7830</nl:AccountID>
                <nl:AccountDescription>Konstaterte tap på fordringer</nl:AccountDescription>
                <nl:StandardAccountID>78</nl:StandardAccountID>
                <nl:AccountType>GL</nl:AccountType>
                <nl:OpeningDebitBalance>0.0</nl:OpeningDebitBalance>
                <nl:ClosingDebitBalance>0.0</nl:ClosingDebitBalance>
				<nl:OpeningCreditBalance>0.0</nl:OpeningCreditBalance>
                <nl:ClosingCreditBalance>0.0</nl:ClosingCreditBalance>
            </nl:Account>
            <nl:Account>
                <nl:AccountID>7831</nl:AccountID>
                <nl:AccountDescription>Endring i avsetning tap på fordringer</nl:AccountDescription>
                <nl:StandardAccountID>78</nl:StandardAccountID>
                <nl:AccountType>GL</nl:AccountType>
                <nl:OpeningDebitBalance>0.0</nl:OpeningDebitBalance>
                <nl:ClosingDebitBalance>0.0</nl:ClosingDebitBalance>
				<nl:OpeningCreditBalance>0.0</nl:OpeningCreditBalance>
                <nl:ClosingCreditBalance>0.0</nl:ClosingCreditBalance>
            </nl:Account>
            <nl:Account>
                <nl:AccountID>7860</nl:AccountID>
                <nl:AccountDescription>Tap på kontrakter</nl:AccountDescription>
                <nl:StandardAccountID>78</nl:StandardAccountID>
                <nl:AccountType>GL</nl:AccountType>
                <nl:OpeningDebitBalance>0.0</nl:OpeningDebitBalance>
                <nl:ClosingDebitBalance>0.0</nl:ClosingDebitBalance>
				<nl:OpeningCreditBalance>0.0</nl:OpeningCreditBalance>
                <nl:ClosingCreditBalance>0.0</nl:ClosingCreditBalance>
            </nl:Account>
            <nl:Account>
                <nl:AccountID>7900</nl:AccountID>
                <nl:AccountDescription>Beholdningsendring anlegg under utførelse</nl:AccountDescription>
                <nl:StandardAccountID>79</nl:StandardAccountID>
                <nl:AccountType>GL</nl:AccountType>
                <nl:OpeningDebitBalance>0.0</nl:OpeningDebitBalance>
                <nl:ClosingDebitBalance>0.0</nl:ClosingDebitBalance>
				<nl:OpeningCreditBalance>0.0</nl:OpeningCreditBalance>
                <nl:ClosingCreditBalance>0.0</nl:ClosingCreditBalance>
            </nl:Account>
            <nl:Account>
                <nl:AccountID>8000</nl:AccountID>
                <nl:AccountDescription>Inntekt på investering i datterselskap</nl:AccountDescription>
                <nl:StandardAccountID>80</nl:StandardAccountID>
                <nl:AccountType>GL</nl:AccountType>
                <nl:OpeningDebitBalance>0.0</nl:OpeningDebitBalance>
                <nl:ClosingDebitBalance>0.0</nl:ClosingDebitBalance>
				<nl:OpeningCreditBalance>0.0</nl:OpeningCreditBalance>
                <nl:ClosingCreditBalance>0.0</nl:ClosingCreditBalance>
            </nl:Account>
            <nl:Account>
                <nl:AccountID>8010</nl:AccountID>
                <nl:AccountDescription>Inntekt på investering i annet foretak i samme konsern</nl:AccountDescription>
                <nl:StandardAccountID>80</nl:StandardAccountID>
                <nl:AccountType>GL</nl:AccountType>
                <nl:OpeningDebitBalance>0.0</nl:OpeningDebitBalance>
                <nl:ClosingDebitBalance>0.0</nl:ClosingDebitBalance>
				<nl:OpeningCreditBalance>0.0</nl:OpeningCreditBalance>
                <nl:ClosingCreditBalance>0.0</nl:ClosingCreditBalance>
            </nl:Account>
            <nl:Account>
                <nl:AccountID>8020</nl:AccountID>
                <nl:AccountDescription>Inntekt på investering i tilknyttet selskap</nl:AccountDescription>
                <nl:StandardAccountID>80</nl:StandardAccountID>
                <nl:AccountType>GL</nl:AccountType>
                <nl:OpeningDebitBalance>0.0</nl:OpeningDebitBalance>
                <nl:ClosingDebitBalance>0.0</nl:ClosingDebitBalance>
				<nl:OpeningCreditBalance>0.0</nl:OpeningCreditBalance>
                <nl:ClosingCreditBalance>0.0</nl:ClosingCreditBalance>
            </nl:Account>
            <nl:Account>
                <nl:AccountID>8030</nl:AccountID>
                <nl:AccountDescription>Renteinntekt fra foretak i samme konsern</nl:AccountDescription>
                <nl:StandardAccountID>80</nl:StandardAccountID>
                <nl:AccountType>GL</nl:AccountType>
                <nl:OpeningDebitBalance>0.0</nl:OpeningDebitBalance>
                <nl:ClosingDebitBalance>0.0</nl:ClosingDebitBalance>
				<nl:OpeningCreditBalance>0.0</nl:OpeningCreditBalance>
                <nl:ClosingCreditBalance>0.0</nl:ClosingCreditBalance>
            </nl:Account>
            <nl:Account>
                <nl:AccountID>8040</nl:AccountID>
                <nl:AccountDescription>Renteinntekt, skattefri</nl:AccountDescription>
                <nl:StandardAccountID>80</nl:StandardAccountID>
                <nl:AccountType>GL</nl:AccountType>
                <nl:OpeningDebitBalance>0.0</nl:OpeningDebitBalance>
                <nl:ClosingDebitBalance>0.0</nl:ClosingDebitBalance>
				<nl:OpeningCreditBalance>0.0</nl:OpeningCreditBalance>
                <nl:ClosingCreditBalance>0.0</nl:ClosingCreditBalance>
            </nl:Account>
            <nl:Account>
                <nl:AccountID>8050</nl:AccountID>
                <nl:AccountDescription>Annen renteinntekt</nl:AccountDescription>
                <nl:StandardAccountID>80</nl:StandardAccountID>
                <nl:AccountType>GL</nl:AccountType>
                <nl:OpeningDebitBalance>0.0</nl:OpeningDebitBalance>
                <nl:ClosingDebitBalance>0.0</nl:ClosingDebitBalance>
				<nl:OpeningCreditBalance>0.0</nl:OpeningCreditBalance>
                <nl:ClosingCreditBalance>0.0</nl:ClosingCreditBalance>
            </nl:Account>
            <nl:Account>
                <nl:AccountID>8060</nl:AccountID>
                <nl:AccountDescription>Valutagevinst (agio)</nl:AccountDescription>
                <nl:StandardAccountID>80</nl:StandardAccountID>
                <nl:AccountType>GL</nl:AccountType>
                <nl:OpeningDebitBalance>0.0</nl:OpeningDebitBalance>
                <nl:ClosingDebitBalance>0.0</nl:ClosingDebitBalance>
				<nl:OpeningCreditBalance>0.0</nl:OpeningCreditBalance>
                <nl:ClosingCreditBalance>0.0</nl:ClosingCreditBalance>
            </nl:Account>
            <nl:Account>
                <nl:AccountID>8070</nl:AccountID>
                <nl:AccountDescription>Annen finansinntekt</nl:AccountDescription>
                <nl:StandardAccountID>80</nl:StandardAccountID>
                <nl:AccountType>GL</nl:AccountType>
                <nl:OpeningDebitBalance>0.0</nl:OpeningDebitBalance>
                <nl:ClosingDebitBalance>0.0</nl:ClosingDebitBalance>
				<nl:OpeningCreditBalance>58000000</nl:OpeningCreditBalance>
                <nl:ClosingCreditBalance>65000000</nl:ClosingCreditBalance>
            </nl:Account>
            <nl:Account>
                <nl:AccountID>8071</nl:AccountID>
                <nl:AccountDescription>Aksjeutbytte</nl:AccountDescription>
                <nl:StandardAccountID>80</nl:StandardAccountID>
                <nl:AccountType>GL</nl:AccountType>
                <nl:OpeningDebitBalance>0.0</nl:OpeningDebitBalance>
                <nl:ClosingDebitBalance>0.0</nl:ClosingDebitBalance>
				<nl:OpeningCreditBalance>0.0</nl:OpeningCreditBalance>
                <nl:ClosingCreditBalance>0.0</nl:ClosingCreditBalance>
            </nl:Account>
            <nl:Account>
                <nl:AccountID>8078</nl:AccountID>
                <nl:AccountDescription>Gevinst ved realisasjon av aksjer</nl:AccountDescription>
                <nl:StandardAccountID>80</nl:StandardAccountID>
                <nl:AccountType>GL</nl:AccountType>
                <nl:OpeningDebitBalance>0.0</nl:OpeningDebitBalance>
                <nl:ClosingDebitBalance>9000000</nl:ClosingDebitBalance>
				<nl:OpeningCreditBalance>0.0</nl:OpeningCreditBalance>
                <nl:ClosingCreditBalance>0.0</nl:ClosingCreditBalance>
            </nl:Account>
            <nl:Account>
                <nl:AccountID>8080</nl:AccountID>
                <nl:AccountDescription>Verdiøkning av finansielle instrumenter vurdert til virkelig verdi</nl:AccountDescription>
                <nl:StandardAccountID>80</nl:StandardAccountID>
                <nl:AccountType>GL</nl:AccountType>
                <nl:OpeningDebitBalance>0.0</nl:OpeningDebitBalance>
                <nl:ClosingDebitBalance>0.0</nl:ClosingDebitBalance>
				<nl:OpeningCreditBalance>0.0</nl:OpeningCreditBalance>
                <nl:ClosingCreditBalance>0.0</nl:ClosingCreditBalance>
            </nl:Account>
            <nl:Account>
                <nl:AccountID>8090</nl:AccountID>
                <nl:AccountDescription>Inntekt av andre investeringer</nl:AccountDescription>
                <nl:StandardAccountID>80</nl:StandardAccountID>
                <nl:AccountType>GL</nl:AccountType>
                <nl:OpeningDebitBalance>0.0</nl:OpeningDebitBalance>
                <nl:ClosingDebitBalance>0.0</nl:ClosingDebitBalance>
				<nl:OpeningCreditBalance>0.0</nl:OpeningCreditBalance>
                <nl:ClosingCreditBalance>0.0</nl:ClosingCreditBalance>
            </nl:Account>
            <nl:Account>
                <nl:AccountID>8100</nl:AccountID>
                <nl:AccountDescription>Verdireduksjon av finansielle instrumenter vurdert til virkelig verdi</nl:AccountDescription>
                <nl:StandardAccountID>81</nl:StandardAccountID>
                <nl:AccountType>GL</nl:AccountType>
                <nl:OpeningDebitBalance>199000000</nl:OpeningDebitBalance>
                <nl:ClosingDebitBalance>351000000</nl:ClosingDebitBalance>
				<nl:OpeningCreditBalance>0.0</nl:OpeningCreditBalance>
                <nl:ClosingCreditBalance>0.0</nl:ClosingCreditBalance>
            </nl:Account>
            <nl:Account>
                <nl:AccountID>8110</nl:AccountID>
                <nl:AccountDescription>Nedskrivning av andre finansielle omløpsmidler</nl:AccountDescription>
                <nl:StandardAccountID>81</nl:StandardAccountID>
                <nl:AccountType>GL</nl:AccountType>
                <nl:OpeningDebitBalance>0.0</nl:OpeningDebitBalance>
                <nl:ClosingDebitBalance>0.0</nl:ClosingDebitBalance>
				<nl:OpeningCreditBalance>0.0</nl:OpeningCreditBalance>
                <nl:ClosingCreditBalance>0.0</nl:ClosingCreditBalance>
            </nl:Account>
            <nl:Account>
                <nl:AccountID>8120</nl:AccountID>
                <nl:AccountDescription>Nedskrivning av finansielle anleggsmidler</nl:AccountDescription>
                <nl:StandardAccountID>81</nl:StandardAccountID>
                <nl:AccountType>GL</nl:AccountType>
                <nl:OpeningDebitBalance>0.0</nl:OpeningDebitBalance>
                <nl:ClosingDebitBalance>0.0</nl:ClosingDebitBalance>
				<nl:OpeningCreditBalance>0.0</nl:OpeningCreditBalance>
                <nl:ClosingCreditBalance>0.0</nl:ClosingCreditBalance>
            </nl:Account>
            <nl:Account>
                <nl:AccountID>8130</nl:AccountID>
                <nl:AccountDescription>Rentekostnad til foretak i samme konsern</nl:AccountDescription>
                <nl:StandardAccountID>81</nl:StandardAccountID>
                <nl:AccountType>GL</nl:AccountType>
                <nl:OpeningDebitBalance>0.0</nl:OpeningDebitBalance>
                <nl:ClosingDebitBalance>0.0</nl:ClosingDebitBalance>
				<nl:OpeningCreditBalance>0.0</nl:OpeningCreditBalance>
                <nl:ClosingCreditBalance>0.0</nl:ClosingCreditBalance>
            </nl:Account>
            <nl:Account>
                <nl:AccountID>8140</nl:AccountID>
                <nl:AccountDescription>Rentekostnad, ikke fradragsberettiget</nl:AccountDescription>
                <nl:StandardAccountID>81</nl:StandardAccountID>
                <nl:AccountType>GL</nl:AccountType>
                <nl:OpeningDebitBalance>0.0</nl:OpeningDebitBalance>
                <nl:ClosingDebitBalance>0.0</nl:ClosingDebitBalance>
				<nl:OpeningCreditBalance>0.0</nl:OpeningCreditBalance>
                <nl:ClosingCreditBalance>0.0</nl:ClosingCreditBalance>
            </nl:Account>
            <nl:Account>
                <nl:AccountID>8150</nl:AccountID>
                <nl:AccountDescription>Annen rentekostnad</nl:AccountDescription>
                <nl:StandardAccountID>81</nl:StandardAccountID>
                <nl:AccountType>GL</nl:AccountType>
                <nl:OpeningDebitBalance>0.0</nl:OpeningDebitBalance>
                <nl:ClosingDebitBalance>0.0</nl:ClosingDebitBalance>
				<nl:OpeningCreditBalance>0.0</nl:OpeningCreditBalance>
                <nl:ClosingCreditBalance>0.0</nl:ClosingCreditBalance>
            </nl:Account>
            <nl:Account>
                <nl:AccountID>8160</nl:AccountID>
                <nl:AccountDescription>Valutatap (disagio)</nl:AccountDescription>
                <nl:StandardAccountID>81</nl:StandardAccountID>
                <nl:AccountType>GL</nl:AccountType>
                <nl:OpeningDebitBalance>0.0</nl:OpeningDebitBalance>
                <nl:ClosingDebitBalance>0.0</nl:ClosingDebitBalance>
				<nl:OpeningCreditBalance>0.0</nl:OpeningCreditBalance>
                <nl:ClosingCreditBalance>0.0</nl:ClosingCreditBalance>
            </nl:Account>
            <nl:Account>
                <nl:AccountID>8170</nl:AccountID>
                <nl:AccountDescription>Annen finanskostnad</nl:AccountDescription>
                <nl:StandardAccountID>81</nl:StandardAccountID>
                <nl:AccountType>GL</nl:AccountType>
                <nl:OpeningDebitBalance>0.0</nl:OpeningDebitBalance>
                <nl:ClosingDebitBalance>0.0</nl:ClosingDebitBalance>
				<nl:OpeningCreditBalance>0.0</nl:OpeningCreditBalance>
                <nl:ClosingCreditBalance>0.0</nl:ClosingCreditBalance>
            </nl:Account>
            <nl:Account>
                <nl:AccountID>8178</nl:AccountID>
                <nl:AccountDescription>Tap ved realisasjon av aksjer</nl:AccountDescription>
                <nl:StandardAccountID>81</nl:StandardAccountID>
                <nl:AccountType>GL</nl:AccountType>
                <nl:OpeningDebitBalance>0.0</nl:OpeningDebitBalance>
                <nl:ClosingDebitBalance>0.0</nl:ClosingDebitBalance>
				<nl:OpeningCreditBalance>0.0</nl:OpeningCreditBalance>
                <nl:ClosingCreditBalance>0.0</nl:ClosingCreditBalance>
            </nl:Account>
            <nl:Account>
                <nl:AccountID>8300</nl:AccountID>
                <nl:AccountDescription>Betalbar skatt</nl:AccountDescription>
                <nl:StandardAccountID>83</nl:StandardAccountID>
                <nl:AccountType>GL</nl:AccountType>
                <nl:OpeningDebitBalance>1460000000</nl:OpeningDebitBalance>
                <nl:ClosingDebitBalance>1427000000</nl:ClosingDebitBalance>
				<nl:OpeningCreditBalance>0.0</nl:OpeningCreditBalance>
                <nl:ClosingCreditBalance>0.0</nl:ClosingCreditBalance>
            </nl:Account>
            <nl:Account>
                <nl:AccountID>8310</nl:AccountID>
                <nl:AccountDescription>Refusjon skatt etter skatteloven § 16-50</nl:AccountDescription>
                <nl:StandardAccountID>83</nl:StandardAccountID>
                <nl:AccountType>GL</nl:AccountType>
                <nl:OpeningDebitBalance>0.0</nl:OpeningDebitBalance>
                <nl:ClosingDebitBalance>0.0</nl:ClosingDebitBalance>
				<nl:OpeningCreditBalance>0.0</nl:OpeningCreditBalance>
                <nl:ClosingCreditBalance>0.0</nl:ClosingCreditBalance>
            </nl:Account>
            <nl:Account>
                <nl:AccountID>8320</nl:AccountID>
                <nl:AccountDescription>Endring utsatt skatt</nl:AccountDescription>
                <nl:StandardAccountID>83</nl:StandardAccountID>
                <nl:AccountType>GL</nl:AccountType>
                <nl:OpeningDebitBalance>0.0</nl:OpeningDebitBalance>
                <nl:ClosingDebitBalance>0.0</nl:ClosingDebitBalance>
				<nl:OpeningCreditBalance>0.0</nl:OpeningCreditBalance>
                <nl:ClosingCreditBalance>0.0</nl:ClosingCreditBalance>
            </nl:Account>
            <nl:Account>
                <nl:AccountID>8410</nl:AccountID>
                <nl:AccountDescription>Ekstraordinær gevinst ved salg av anleggsmidler</nl:AccountDescription>
                <nl:StandardAccountID>84</nl:StandardAccountID>
                <nl:AccountType>GL</nl:AccountType>
                <nl:OpeningDebitBalance>0.0</nl:OpeningDebitBalance>
                <nl:ClosingDebitBalance>0.0</nl:ClosingDebitBalance>
				<nl:OpeningCreditBalance>0.0</nl:OpeningCreditBalance>
                <nl:ClosingCreditBalance>0.0</nl:ClosingCreditBalance>
            </nl:Account>
            <nl:Account>
                <nl:AccountID>8450</nl:AccountID>
                <nl:AccountDescription>Ekstraordinære offentlige tilskudd</nl:AccountDescription>
                <nl:StandardAccountID>84</nl:StandardAccountID>
                <nl:AccountType>GL</nl:AccountType>
                <nl:OpeningDebitBalance>0.0</nl:OpeningDebitBalance>
                <nl:ClosingDebitBalance>0.0</nl:ClosingDebitBalance>
				<nl:OpeningCreditBalance>0.0</nl:OpeningCreditBalance>
                <nl:ClosingCreditBalance>0.0</nl:ClosingCreditBalance>
            </nl:Account>
            <nl:Account>
                <nl:AccountID>8490</nl:AccountID>
                <nl:AccountDescription>Annen ekstraordinær inntekt</nl:AccountDescription>
                <nl:StandardAccountID>84</nl:StandardAccountID>
                <nl:AccountType>GL</nl:AccountType>
                <nl:OpeningDebitBalance>0.0</nl:OpeningDebitBalance>
                <nl:ClosingDebitBalance>0.0</nl:ClosingDebitBalance>
				<nl:OpeningCreditBalance>0.0</nl:OpeningCreditBalance>
                <nl:ClosingCreditBalance>0.0</nl:ClosingCreditBalance>
            </nl:Account>
            <nl:Account>
                <nl:AccountID>8510</nl:AccountID>
                <nl:AccountDescription>Ekstraordinær kostnad ved salg av anleggmidler</nl:AccountDescription>
                <nl:StandardAccountID>85</nl:StandardAccountID>
                <nl:AccountType>GL</nl:AccountType>
                <nl:OpeningDebitBalance>0.0</nl:OpeningDebitBalance>
                <nl:ClosingDebitBalance>0.0</nl:ClosingDebitBalance>
				<nl:OpeningCreditBalance>0.0</nl:OpeningCreditBalance>
                <nl:ClosingCreditBalance>0.0</nl:ClosingCreditBalance>
            </nl:Account>
            <nl:Account>
                <nl:AccountID>8590</nl:AccountID>
                <nl:AccountDescription>Annen ekstraordinær kostnad</nl:AccountDescription>
                <nl:StandardAccountID>85</nl:StandardAccountID>
                <nl:AccountType>GL</nl:AccountType>
                <nl:OpeningDebitBalance>0.0</nl:OpeningDebitBalance>
                <nl:ClosingDebitBalance>0.0</nl:ClosingDebitBalance>
				<nl:OpeningCreditBalance>0.0</nl:OpeningCreditBalance>
                <nl:ClosingCreditBalance>0.0</nl:ClosingCreditBalance>
            </nl:Account>
            <nl:Account>
                <nl:AccountID>8600</nl:AccountID>
                <nl:AccountDescription>Betalbar skatt</nl:AccountDescription>
                <nl:StandardAccountID>86</nl:StandardAccountID>
                <nl:AccountType>GL</nl:AccountType>
                <nl:OpeningDebitBalance>0.0</nl:OpeningDebitBalance>
                <nl:ClosingDebitBalance>0.0</nl:ClosingDebitBalance>
				<nl:OpeningCreditBalance>0.0</nl:OpeningCreditBalance>
                <nl:ClosingCreditBalance>0.0</nl:ClosingCreditBalance>
            </nl:Account>
            <nl:Account>
                <nl:AccountID>8610</nl:AccountID>
                <nl:AccountDescription>Refusjon skatt etter skatteloven § 16-50</nl:AccountDescription>
                <nl:StandardAccountID>86</nl:StandardAccountID>
                <nl:AccountType>GL</nl:AccountType>
                <nl:OpeningDebitBalance>0.0</nl:OpeningDebitBalance>
                <nl:ClosingDebitBalance>0.0</nl:ClosingDebitBalance>
				<nl:OpeningCreditBalance>0.0</nl:OpeningCreditBalance>
                <nl:ClosingCreditBalance>0.0</nl:ClosingCreditBalance>
            </nl:Account>
            <nl:Account>
                <nl:AccountID>8620</nl:AccountID>
                <nl:AccountDescription>Endring utsatt skatt/skattefordel</nl:AccountDescription>
                <nl:StandardAccountID>86</nl:StandardAccountID>
                <nl:AccountType>GL</nl:AccountType>
                <nl:OpeningDebitBalance>0.0</nl:OpeningDebitBalance>
                <nl:ClosingDebitBalance>0.0</nl:ClosingDebitBalance>
				<nl:OpeningCreditBalance>0.0</nl:OpeningCreditBalance>
                <nl:ClosingCreditBalance>0.0</nl:ClosingCreditBalance>
            </nl:Account>
            <nl:Account>
                <nl:AccountID>8800</nl:AccountID>
                <nl:AccountDescription>Årsresultat</nl:AccountDescription>
                <nl:StandardAccountID>88</nl:StandardAccountID>
                <nl:AccountType>GL</nl:AccountType>
                <nl:OpeningDebitBalance>0.0</nl:OpeningDebitBalance>
                <nl:ClosingDebitBalance>0.0</nl:ClosingDebitBalance>
				<nl:OpeningCreditBalance>4864000000</nl:OpeningCreditBalance>
                <nl:ClosingCreditBalance>5094000000</nl:ClosingCreditBalance>
            </nl:Account>
            <nl:Account>
                <nl:AccountID>8900</nl:AccountID>
                <nl:AccountDescription>Overføringer fond</nl:AccountDescription>
                <nl:StandardAccountID>89</nl:StandardAccountID>
                <nl:AccountType>GL</nl:AccountType>
                <nl:OpeningDebitBalance>0.0</nl:OpeningDebitBalance>
                <nl:ClosingDebitBalance>0.0</nl:ClosingDebitBalance>
				<nl:OpeningCreditBalance>0.0</nl:OpeningCreditBalance>
                <nl:ClosingCreditBalance>0.0</nl:ClosingCreditBalance>
            </nl:Account>
            <nl:Account>
                <nl:AccountID>8910</nl:AccountID>
                <nl:AccountDescription>Overføringer felleseid andelskapital for samvirkeforetak</nl:AccountDescription>
                <nl:StandardAccountID>89</nl:StandardAccountID>
                <nl:AccountType>GL</nl:AccountType>
                <nl:OpeningDebitBalance>0.0</nl:OpeningDebitBalance>
                <nl:ClosingDebitBalance>0.0</nl:ClosingDebitBalance>
				<nl:OpeningCreditBalance>0.0</nl:OpeningCreditBalance>
                <nl:ClosingCreditBalance>0.0</nl:ClosingCreditBalance>
            </nl:Account>
            <nl:Account>
                <nl:AccountID>8920</nl:AccountID>
                <nl:AccountDescription>Avsatt utbytte</nl:AccountDescription>
                <nl:StandardAccountID>89</nl:StandardAccountID>
                <nl:AccountType>GL</nl:AccountType>
                <nl:OpeningDebitBalance>0.0</nl:OpeningDebitBalance>
                <nl:ClosingDebitBalance>0.0</nl:ClosingDebitBalance>
				<nl:OpeningCreditBalance>0.0</nl:OpeningCreditBalance>
                <nl:ClosingCreditBalance>0.0</nl:ClosingCreditBalance>
            </nl:Account>
            <nl:Account>
                <nl:AccountID>8930</nl:AccountID>
                <nl:AccountDescription>Mottatt konsernbidrag</nl:AccountDescription>
                <nl:StandardAccountID>89</nl:StandardAccountID>
                <nl:AccountType>GL</nl:AccountType>
                <nl:OpeningDebitBalance>0.0</nl:OpeningDebitBalance>
                <nl:ClosingDebitBalance>0.0</nl:ClosingDebitBalance>
				<nl:OpeningCreditBalance>0.0</nl:OpeningCreditBalance>
                <nl:ClosingCreditBalance>0.0</nl:ClosingCreditBalance>
            </nl:Account>
            <nl:Account>
                <nl:AccountID>8935</nl:AccountID>
                <nl:AccountDescription>Avsatt konsernbidrag</nl:AccountDescription>
                <nl:StandardAccountID>89</nl:StandardAccountID>
                <nl:AccountType>GL</nl:AccountType>
                <nl:OpeningDebitBalance>0.0</nl:OpeningDebitBalance>
                <nl:ClosingDebitBalance>0.0</nl:ClosingDebitBalance>
				<nl:OpeningCreditBalance>0.0</nl:OpeningCreditBalance>
                <nl:ClosingCreditBalance>0.0</nl:ClosingCreditBalance>
            </nl:Account>
            <nl:Account>
                <nl:AccountID>8940</nl:AccountID>
                <nl:AccountDescription>Mottatt aksjonærbidrag</nl:AccountDescription>
                <nl:StandardAccountID>89</nl:StandardAccountID>
                <nl:AccountType>GL</nl:AccountType>
                <nl:OpeningDebitBalance>0.0</nl:OpeningDebitBalance>
                <nl:ClosingDebitBalance>0.0</nl:ClosingDebitBalance>
				<nl:OpeningCreditBalance>0.0</nl:OpeningCreditBalance>
                <nl:ClosingCreditBalance>0.0</nl:ClosingCreditBalance>
            </nl:Account>
            <nl:Account>
                <nl:AccountID>8945</nl:AccountID>
                <nl:AccountDescription>Avsatt aksjonærbidrag</nl:AccountDescription>
                <nl:StandardAccountID>89</nl:StandardAccountID>
                <nl:AccountType>GL</nl:AccountType>
                <nl:OpeningDebitBalance>0.0</nl:OpeningDebitBalance>
                <nl:ClosingDebitBalance>0.0</nl:ClosingDebitBalance>
				<nl:OpeningCreditBalance>0.0</nl:OpeningCreditBalance>
                <nl:ClosingCreditBalance>0.0</nl:ClosingCreditBalance>
            </nl:Account>
            <nl:Account>
                <nl:AccountID>8950</nl:AccountID>
                <nl:AccountDescription>Fondsemisjon</nl:AccountDescription>
                <nl:StandardAccountID>89</nl:StandardAccountID>
                <nl:AccountType>GL</nl:AccountType>
                <nl:OpeningDebitBalance>0.0</nl:OpeningDebitBalance>
                <nl:ClosingDebitBalance>0.0</nl:ClosingDebitBalance>
				<nl:OpeningCreditBalance>0.0</nl:OpeningCreditBalance>
                <nl:ClosingCreditBalance>0.0</nl:ClosingCreditBalance>
            </nl:Account>
            <nl:Account>
                <nl:AccountID>8960</nl:AccountID>
                <nl:AccountDescription>Overføringer annen egenkapital</nl:AccountDescription>
                <nl:StandardAccountID>89</nl:StandardAccountID>
                <nl:AccountType>GL</nl:AccountType>
                <nl:OpeningDebitBalance>0.0</nl:OpeningDebitBalance>
                <nl:ClosingDebitBalance>0.0</nl:ClosingDebitBalance>
				<nl:OpeningCreditBalance>0.0</nl:OpeningCreditBalance>
                <nl:ClosingCreditBalance>0.0</nl:ClosingCreditBalance>
            </nl:Account>
            <nl:Account>
                <nl:AccountID>8990</nl:AccountID>
                <nl:AccountDescription>Udekket tap</nl:AccountDescription>
                <nl:StandardAccountID>89</nl:StandardAccountID>
                <nl:AccountType>GL</nl:AccountType>
                <nl:OpeningDebitBalance>0.0</nl:OpeningDebitBalance>
                <nl:ClosingDebitBalance>0.0</nl:ClosingDebitBalance>
				<nl:OpeningCreditBalance>0.0</nl:OpeningCreditBalance>
                <nl:ClosingCreditBalance>0.0</nl:ClosingCreditBalance>
            </nl:Account>
            <nl:Account>
                <nl:AccountID>9999</nl:AccountID>
                <nl:AccountDescription>Hjelpekonto</nl:AccountDescription>
                <nl:StandardAccountID>NA</nl:StandardAccountID>
                <nl:AccountType>GL</nl:AccountType>
                <nl:OpeningDebitBalance>0.0</nl:OpeningDebitBalance>
                <nl:ClosingDebitBalance>0.0</nl:ClosingDebitBalance>
				<nl:OpeningCreditBalance>0.0</nl:OpeningCreditBalance>
                <nl:ClosingCreditBalance>0.0</nl:ClosingCreditBalance>
            </nl:Account>
        </nl:GeneralLedgerAccounts>
        <nl:Customers>
            <nl:Customer>
                <nl:Name>testkunde</nl:Name>
                <nl:Address>
                    <nl:StreetName></nl:StreetName>
                    <nl:City></nl:City>
                    <nl:PostalCode></nl:PostalCode>
                </nl:Address>
                <nl:CustomerID>22760798</nl:CustomerID>
                <nl:AccountID>1500</nl:AccountID>
                <nl:OpeningDebitBalance>0.0</nl:OpeningDebitBalance>
                <nl:ClosingDebitBalance>2.0</nl:ClosingDebitBalance>
                <nl:PartyInfo>
                    <nl:Type>Company</nl:Type>
                    <nl:Status>Active</nl:Status>
                </nl:PartyInfo>
            </nl:Customer>
        </nl:Customers>
        <nl:Suppliers>
            <nl:Supplier>
                <nl:Name>test</nl:Name>
                <nl:Address>
                    <nl:StreetName></nl:StreetName>
                    <nl:City></nl:City>
                    <nl:PostalCode></nl:PostalCode>
                </nl:Address>
                <nl:SupplierID>22748623</nl:SupplierID>
                <nl:AccountID>2400</nl:AccountID>
                <nl:OpeningDebitBalance>0.0</nl:OpeningDebitBalance>
                <nl:ClosingDebitBalance>0.0</nl:ClosingDebitBalance>
				<nl:OpeningCreditBalance>0.0</nl:OpeningCreditBalance>
                <nl:ClosingCreditBalance>0.0</nl:ClosingCreditBalance>
                <nl:PartyInfo>
                    <nl:Type>Private</nl:Type>
                    <nl:Status>Active</nl:Status>
                </nl:PartyInfo>
            </nl:Supplier>
        </nl:Suppliers>
        <nl:TaxTable>
            <nl:TaxTableEntry>
                <nl:TaxType>MVA</nl:TaxType>
                <nl:Description>Merverdiavgift</nl:Description>
                <nl:TaxCodeDetails>
                    <nl:TaxCode>1</nl:TaxCode>
                    <nl:Description>Fradrag inngående avgift, høy sats</nl:Description>
                    <nl:TaxPercentage>25.0</nl:TaxPercentage>
                    <nl:Country>NO</nl:Country>
                    <nl:StandardTaxCode>1</nl:StandardTaxCode>
                    <nl:BaseRate>100.0</nl:BaseRate>
                </nl:TaxCodeDetails>
            </nl:TaxTableEntry>
            <nl:TaxTableEntry>
                <nl:TaxType>MVA</nl:TaxType>
                <nl:Description>Merverdiavgift</nl:Description>
                <nl:TaxCodeDetails>
                    <nl:TaxCode>11</nl:TaxCode>
                    <nl:Description>Fradrag inngående avgift, middels sats</nl:Description>
                    <nl:TaxPercentage>15.0</nl:TaxPercentage>
                    <nl:Country>NO</nl:Country>
                    <nl:StandardTaxCode>11</nl:StandardTaxCode>
                    <nl:BaseRate>100.0</nl:BaseRate>
                </nl:TaxCodeDetails>
            </nl:TaxTableEntry>
            <nl:TaxTableEntry>
                <nl:TaxType>MVA</nl:TaxType>
                <nl:Description>Merverdiavgift</nl:Description>
                <nl:TaxCodeDetails>
                    <nl:TaxCode>12</nl:TaxCode>
                    <nl:Description>Fradrag inngående avgift, råfisk</nl:Description>
                    <nl:TaxPercentage>11.11</nl:TaxPercentage>
                    <nl:Country>NO</nl:Country>
                    <nl:StandardTaxCode>12</nl:StandardTaxCode>
                    <nl:BaseRate>100.0</nl:BaseRate>
                </nl:TaxCodeDetails>
            </nl:TaxTableEntry>
            <nl:TaxTableEntry>
                <nl:TaxType>MVA</nl:TaxType>
                <nl:Description>Merverdiavgift</nl:Description>
                <nl:TaxCodeDetails>
                    <nl:TaxCode>13</nl:TaxCode>
                    <nl:Description>Fradrag inngående avgift, lav sats</nl:Description>
                    <nl:TaxPercentage>6.0</nl:TaxPercentage>
                    <nl:Country>NO</nl:Country>
                    <nl:StandardTaxCode>13</nl:StandardTaxCode>
                    <nl:BaseRate>100.0</nl:BaseRate>
                </nl:TaxCodeDetails>
            </nl:TaxTableEntry>
            <nl:TaxTableEntry>
                <nl:TaxType>MVA</nl:TaxType>
                <nl:Description>Merverdiavgift</nl:Description>
                <nl:TaxCodeDetails>
                    <nl:TaxCode>14</nl:TaxCode>
                    <nl:Description>Fradrag inngående avgift betalt ved innførsel, høy sats</nl:Description>
                    <nl:TaxPercentage>100.0</nl:TaxPercentage>
                    <nl:Country>NO</nl:Country>
                    <nl:StandardTaxCode>14</nl:StandardTaxCode>
                    <nl:BaseRate>100.0</nl:BaseRate>
                </nl:TaxCodeDetails>
            </nl:TaxTableEntry>
            <nl:TaxTableEntry>
                <nl:TaxType>MVA</nl:TaxType>
                <nl:Description>Merverdiavgift</nl:Description>
                <nl:TaxCodeDetails>
                    <nl:TaxCode>15</nl:TaxCode>
                    <nl:Description>Fradrag inngående avgift betalt ved innførsel, middels sats</nl:Description>
                    <nl:TaxPercentage>100.0</nl:TaxPercentage>
                    <nl:Country>NO</nl:Country>
                    <nl:StandardTaxCode>15</nl:StandardTaxCode>
                    <nl:BaseRate>100.0</nl:BaseRate>
                </nl:TaxCodeDetails>
            </nl:TaxTableEntry>
            <nl:TaxTableEntry>
                <nl:TaxType>MVA</nl:TaxType>
                <nl:Description>Merverdiavgift</nl:Description>
                <nl:TaxCodeDetails>
                    <nl:TaxCode>20</nl:TaxCode>
                    <nl:Description>Grunnlag, ingen inngående avgift ved innførsel</nl:Description>
                    <nl:TaxPercentage>0.0</nl:TaxPercentage>
                    <nl:Country>NO</nl:Country>
                    <nl:StandardTaxCode>20</nl:StandardTaxCode>
                    <nl:BaseRate>100.0</nl:BaseRate>
                </nl:TaxCodeDetails>
            </nl:TaxTableEntry>
            <nl:TaxTableEntry>
                <nl:TaxType>MVA</nl:TaxType>
                <nl:Description>Merverdiavgift</nl:Description>
                <nl:TaxCodeDetails>
                    <nl:TaxCode>21</nl:TaxCode>
                    <nl:Description>Grunnlag inngående avgift ved innførsel, høy sats</nl:Description>
                    <nl:TaxPercentage>0.0</nl:TaxPercentage>
                    <nl:Country>NO</nl:Country>
                    <nl:StandardTaxCode>21</nl:StandardTaxCode>
                    <nl:BaseRate>100.0</nl:BaseRate>
                </nl:TaxCodeDetails>
            </nl:TaxTableEntry>
            <nl:TaxTableEntry>
                <nl:TaxType>MVA</nl:TaxType>
                <nl:Description>Merverdiavgift</nl:Description>
                <nl:TaxCodeDetails>
                    <nl:TaxCode>22</nl:TaxCode>
                    <nl:Description>Grunnlag inngående avgift ved innførsel, middels sats</nl:Description>
                    <nl:TaxPercentage>0.0</nl:TaxPercentage>
                    <nl:Country>NO</nl:Country>
                    <nl:StandardTaxCode>22</nl:StandardTaxCode>
                    <nl:BaseRate>100.0</nl:BaseRate>
                </nl:TaxCodeDetails>
            </nl:TaxTableEntry>
            <nl:TaxTableEntry>
                <nl:TaxType>MVA</nl:TaxType>
                <nl:Description>Merverdiavgift</nl:Description>
                <nl:TaxCodeDetails>
                    <nl:TaxCode>3</nl:TaxCode>
                    <nl:Description>Utgående avgift, høy sats</nl:Description>
                    <nl:TaxPercentage>25.0</nl:TaxPercentage>
                    <nl:Country>NO</nl:Country>
                    <nl:StandardTaxCode>3</nl:StandardTaxCode>
                    <nl:BaseRate>100.0</nl:BaseRate>
                </nl:TaxCodeDetails>
            </nl:TaxTableEntry>
            <nl:TaxTableEntry>
                <nl:TaxType>MVA</nl:TaxType>
                <nl:Description>Merverdiavgift</nl:Description>
                <nl:TaxCodeDetails>
                    <nl:TaxCode>31</nl:TaxCode>
                    <nl:Description>Utgående avgift, middels sats</nl:Description>
                    <nl:TaxPercentage>15.0</nl:TaxPercentage>
                    <nl:Country>NO</nl:Country>
                    <nl:StandardTaxCode>31</nl:StandardTaxCode>
                    <nl:BaseRate>100.0</nl:BaseRate>
                </nl:TaxCodeDetails>
            </nl:TaxTableEntry>
            <nl:TaxTableEntry>
                <nl:TaxType>MVA</nl:TaxType>
                <nl:Description>Merverdiavgift</nl:Description>
                <nl:TaxCodeDetails>
                    <nl:TaxCode>32</nl:TaxCode>
                    <nl:Description>Utgående avgift, råfisk</nl:Description>
                    <nl:TaxPercentage>11.11</nl:TaxPercentage>
                    <nl:Country>NO</nl:Country>
                    <nl:StandardTaxCode>32</nl:StandardTaxCode>
                    <nl:BaseRate>100.0</nl:BaseRate>
                </nl:TaxCodeDetails>
            </nl:TaxTableEntry>
            <nl:TaxTableEntry>
                <nl:TaxType>MVA</nl:TaxType>
                <nl:Description>Merverdiavgift</nl:Description>
                <nl:TaxCodeDetails>
                    <nl:TaxCode>33</nl:TaxCode>
                    <nl:Description>Utgående avgift, lav sats</nl:Description>
                    <nl:TaxPercentage>6.0</nl:TaxPercentage>
                    <nl:Country>NO</nl:Country>
                    <nl:StandardTaxCode>33</nl:StandardTaxCode>
                    <nl:BaseRate>100.0</nl:BaseRate>
                </nl:TaxCodeDetails>
            </nl:TaxTableEntry>
            <nl:TaxTableEntry>
                <nl:TaxType>MVA</nl:TaxType>
                <nl:Description>Merverdiavgift</nl:Description>
                <nl:TaxCodeDetails>
                    <nl:TaxCode>5</nl:TaxCode>
                    <nl:Description>Ingen utgående avgift (innenfor mva-loven)</nl:Description>
                    <nl:TaxPercentage>0.0</nl:TaxPercentage>
                    <nl:Country>NO</nl:Country>
                    <nl:StandardTaxCode>5</nl:StandardTaxCode>
                    <nl:BaseRate>100.0</nl:BaseRate>
                </nl:TaxCodeDetails>
            </nl:TaxTableEntry>
            <nl:TaxTableEntry>
                <nl:TaxType>MVA</nl:TaxType>
                <nl:Description>Merverdiavgift</nl:Description>
                <nl:TaxCodeDetails>
                    <nl:TaxCode>51</nl:TaxCode>
                    <nl:Description>Avgiftsfri innlands omsetning med omvendt avgiftsplikt</nl:Description>
                    <nl:TaxPercentage>0.0</nl:TaxPercentage>
                    <nl:Country>NO</nl:Country>
                    <nl:StandardTaxCode>51</nl:StandardTaxCode>
                    <nl:BaseRate>100.0</nl:BaseRate>
                </nl:TaxCodeDetails>
            </nl:TaxTableEntry>
            <nl:TaxTableEntry>
                <nl:TaxType>MVA</nl:TaxType>
                <nl:Description>Merverdiavgift</nl:Description>
                <nl:TaxCodeDetails>
                    <nl:TaxCode>52</nl:TaxCode>
                    <nl:Description>Avgiftsfri utførsel av varer og tjenester</nl:Description>
                    <nl:TaxPercentage>0.0</nl:TaxPercentage>
                    <nl:Country>NO</nl:Country>
                    <nl:StandardTaxCode>52</nl:StandardTaxCode>
                    <nl:BaseRate>100.0</nl:BaseRate>
                </nl:TaxCodeDetails>
            </nl:TaxTableEntry>
            <nl:TaxTableEntry>
                <nl:TaxType>MVA</nl:TaxType>
                <nl:Description>Merverdiavgift</nl:Description>
                <nl:TaxCodeDetails>
                    <nl:TaxCode>6</nl:TaxCode>
                    <nl:Description>Ingen utgående avgift (utenfor mva-loven)</nl:Description>
                    <nl:TaxPercentage>0.0</nl:TaxPercentage>
                    <nl:Country>NO</nl:Country>
                    <nl:StandardTaxCode>6</nl:StandardTaxCode>
                    <nl:BaseRate>100.0</nl:BaseRate>
                </nl:TaxCodeDetails>
            </nl:TaxTableEntry>
            <nl:TaxTableEntry>
                <nl:TaxType>MVA</nl:TaxType>
                <nl:Description>Merverdiavgift</nl:Description>
                <nl:TaxCodeDetails>
                    <nl:TaxCode>7</nl:TaxCode>
                    <nl:Description>Ingen avgiftsbehandling (inntekter)</nl:Description>
                    <nl:TaxPercentage>0.0</nl:TaxPercentage>
                    <nl:Country>NO</nl:Country>
                    <nl:StandardTaxCode>7</nl:StandardTaxCode>
                    <nl:BaseRate>100.0</nl:BaseRate>
                </nl:TaxCodeDetails>
            </nl:TaxTableEntry>
            <nl:TaxTableEntry>
                <nl:TaxType>MVA</nl:TaxType>
                <nl:Description>Merverdiavgift</nl:Description>
                <nl:TaxCodeDetails>
                    <nl:TaxCode>81</nl:TaxCode>
                    <nl:Description>Fradrag inngående avgift ved innførsel, høy sats</nl:Description>
                    <nl:TaxPercentage>25.0</nl:TaxPercentage>
                    <nl:Country>NO</nl:Country>
                    <nl:StandardTaxCode>81</nl:StandardTaxCode>
                    <nl:BaseRate>100.0</nl:BaseRate>
                </nl:TaxCodeDetails>
            </nl:TaxTableEntry>
            <nl:TaxTableEntry>
                <nl:TaxType>MVA</nl:TaxType>
                <nl:Description>Merverdiavgift</nl:Description>
                <nl:TaxCodeDetails>
                    <nl:TaxCode>82</nl:TaxCode>
                    <nl:Description>Inngående avgift uten fradrag ved innførsel, høy sats</nl:Description>
                    <nl:TaxPercentage>25.0</nl:TaxPercentage>
                    <nl:Country>NO</nl:Country>
                    <nl:StandardTaxCode>82</nl:StandardTaxCode>
                    <nl:BaseRate>100.0</nl:BaseRate>
                </nl:TaxCodeDetails>
            </nl:TaxTableEntry>
            <nl:TaxTableEntry>
                <nl:TaxType>MVA</nl:TaxType>
                <nl:Description>Merverdiavgift</nl:Description>
                <nl:TaxCodeDetails>
                    <nl:TaxCode>83</nl:TaxCode>
                    <nl:Description>Fradrag inngående avgift ved innførsel, middels sats</nl:Description>
                    <nl:TaxPercentage>15.0</nl:TaxPercentage>
                    <nl:Country>NO</nl:Country>
                    <nl:StandardTaxCode>83</nl:StandardTaxCode>
                    <nl:BaseRate>100.0</nl:BaseRate>
                </nl:TaxCodeDetails>
            </nl:TaxTableEntry>
            <nl:TaxTableEntry>
                <nl:TaxType>MVA</nl:TaxType>
                <nl:Description>Merverdiavgift</nl:Description>
                <nl:TaxCodeDetails>
                    <nl:TaxCode>84</nl:TaxCode>
                    <nl:Description>Inngående avgift uten fradrag ved innførsel, middels sats</nl:Description>
                    <nl:TaxPercentage>15.0</nl:TaxPercentage>
                    <nl:Country>NO</nl:Country>
                    <nl:StandardTaxCode>84</nl:StandardTaxCode>
                    <nl:BaseRate>100.0</nl:BaseRate>
                </nl:TaxCodeDetails>
            </nl:TaxTableEntry>
            <nl:TaxTableEntry>
                <nl:TaxType>MVA</nl:TaxType>
                <nl:Description>Merverdiavgift</nl:Description>
                <nl:TaxCodeDetails>
                    <nl:TaxCode>85</nl:TaxCode>
                    <nl:Description>Grunnlag, avgiftsfri innførsel</nl:Description>
                    <nl:TaxPercentage>0.0</nl:TaxPercentage>
                    <nl:Country>NO</nl:Country>
                    <nl:StandardTaxCode>85</nl:StandardTaxCode>
                    <nl:BaseRate>100.0</nl:BaseRate>
                </nl:TaxCodeDetails>
            </nl:TaxTableEntry>
            <nl:TaxTableEntry>
                <nl:TaxType>MVA</nl:TaxType>
                <nl:Description>Merverdiavgift</nl:Description>
                <nl:TaxCodeDetails>
                    <nl:TaxCode>86</nl:TaxCode>
                    <nl:Description>Fradrag inngående avgift ved kjøp av tjenester fra utlandet, høy sats</nl:Description>
                    <nl:TaxPercentage>25.0</nl:TaxPercentage>
                    <nl:Country>NO</nl:Country>
                    <nl:StandardTaxCode>86</nl:StandardTaxCode>
                    <nl:BaseRate>100.0</nl:BaseRate>
                </nl:TaxCodeDetails>
            </nl:TaxTableEntry>
            <nl:TaxTableEntry>
                <nl:TaxType>MVA</nl:TaxType>
                <nl:Description>Merverdiavgift</nl:Description>
                <nl:TaxCodeDetails>
                    <nl:TaxCode>87</nl:TaxCode>
                    <nl:Description>Kjøp av tjenester fra utlandet uten fradrag, høy sats</nl:Description>
                    <nl:TaxPercentage>25.0</nl:TaxPercentage>
                    <nl:Country>NO</nl:Country>
                    <nl:StandardTaxCode>87</nl:StandardTaxCode>
                    <nl:BaseRate>100.0</nl:BaseRate>
                </nl:TaxCodeDetails>
            </nl:TaxTableEntry>
            <nl:TaxTableEntry>
                <nl:TaxType>MVA</nl:TaxType>
                <nl:Description>Merverdiavgift</nl:Description>
                <nl:TaxCodeDetails>
                    <nl:TaxCode>88</nl:TaxCode>
                    <nl:Description>Fradrag inngående avgift ved kjøp av tjenester fra utlandet, lav sats</nl:Description>
                    <nl:TaxPercentage>6.0</nl:TaxPercentage>
                    <nl:Country>NO</nl:Country>
                    <nl:StandardTaxCode>88</nl:StandardTaxCode>
                    <nl:BaseRate>100.0</nl:BaseRate>
                </nl:TaxCodeDetails>
            </nl:TaxTableEntry>
            <nl:TaxTableEntry>
                <nl:TaxType>MVA</nl:TaxType>
                <nl:Description>Merverdiavgift</nl:Description>
                <nl:TaxCodeDetails>
                    <nl:TaxCode>89</nl:TaxCode>
                    <nl:Description>Kjøp av tjenester fra utlandet uten fradrag, lav sats</nl:Description>
                    <nl:TaxPercentage>6.0</nl:TaxPercentage>
                    <nl:Country>NO</nl:Country>
                    <nl:StandardTaxCode>89</nl:StandardTaxCode>
                    <nl:BaseRate>100.0</nl:BaseRate>
                </nl:TaxCodeDetails>
            </nl:TaxTableEntry>
            <nl:TaxTableEntry>
                <nl:TaxType>MVA</nl:TaxType>
                <nl:Description>Merverdiavgift</nl:Description>
                <nl:TaxCodeDetails>
                    <nl:TaxCode>91</nl:TaxCode>
                    <nl:Description>Fradrag inngående avgift ved kjøp av klimakvoter/gull</nl:Description>
                    <nl:TaxPercentage>25.0</nl:TaxPercentage>
                    <nl:Country>NO</nl:Country>
                    <nl:StandardTaxCode>91</nl:StandardTaxCode>
                    <nl:BaseRate>100.0</nl:BaseRate>
                </nl:TaxCodeDetails>
            </nl:TaxTableEntry>
            <nl:TaxTableEntry>
                <nl:TaxType>MVA</nl:TaxType>
                <nl:Description>Merverdiavgift</nl:Description>
                <nl:TaxCodeDetails>
                    <nl:TaxCode>92</nl:TaxCode>
                    <nl:Description>Kjøp av klimakvoter/gull uten avgiftskompensasjon</nl:Description>
                    <nl:TaxPercentage>25.0</nl:TaxPercentage>
                    <nl:Country>NO</nl:Country>
                    <nl:StandardTaxCode>92</nl:StandardTaxCode>
                    <nl:BaseRate>100.0</nl:BaseRate>
                </nl:TaxCodeDetails>
            </nl:TaxTableEntry>
        </nl:TaxTable>
        <nl:AnalysisTypeTable>
            <nl:AnalysisTypeTableEntry>
                <nl:AnalysisType>B</nl:AnalysisType>
                <nl:AnalysisTypeDescription>Bilagsart</nl:AnalysisTypeDescription>
                <nl:AnalysisID>SYS-0</nl:AnalysisID>
                <nl:AnalysisIDDescription>0-Avansert bilag</nl:AnalysisIDDescription>
            </nl:AnalysisTypeTableEntry>
            <nl:AnalysisTypeTableEntry>
                <nl:AnalysisType>B</nl:AnalysisType>
                <nl:AnalysisTypeDescription>Bilagsart</nl:AnalysisTypeDescription>
                <nl:AnalysisID>SYS-1</nl:AnalysisID>
                <nl:AnalysisIDDescription>1-Åpningsbalanse</nl:AnalysisIDDescription>
            </nl:AnalysisTypeTableEntry>
            <nl:AnalysisTypeTableEntry>
                <nl:AnalysisType>B</nl:AnalysisType>
                <nl:AnalysisTypeDescription>Bilagsart</nl:AnalysisTypeDescription>
                <nl:AnalysisID>SYS-2</nl:AnalysisID>
                <nl:AnalysisIDDescription>2-Avansert bilag</nl:AnalysisIDDescription>
            </nl:AnalysisTypeTableEntry>
            <nl:AnalysisTypeTableEntry>
                <nl:AnalysisType>B</nl:AnalysisType>
                <nl:AnalysisTypeDescription>Bilagsart</nl:AnalysisTypeDescription>
                <nl:AnalysisID>SYS-3</nl:AnalysisID>
                <nl:AnalysisIDDescription>3-Avansert bilag</nl:AnalysisIDDescription>
            </nl:AnalysisTypeTableEntry>
            <nl:AnalysisTypeTableEntry>
                <nl:AnalysisType>B</nl:AnalysisType>
                <nl:AnalysisTypeDescription>Bilagsart</nl:AnalysisTypeDescription>
                <nl:AnalysisID>SYS-4</nl:AnalysisID>
                <nl:AnalysisIDDescription>4-Avansert bilag</nl:AnalysisIDDescription>
            </nl:AnalysisTypeTableEntry>
            <nl:AnalysisTypeTableEntry>
                <nl:AnalysisType>B</nl:AnalysisType>
                <nl:AnalysisTypeDescription>Bilagsart</nl:AnalysisTypeDescription>
                <nl:AnalysisID>SYS-5</nl:AnalysisID>
                <nl:AnalysisIDDescription>5-Lønnsbilag</nl:AnalysisIDDescription>
            </nl:AnalysisTypeTableEntry>
            <nl:AnalysisTypeTableEntry>
                <nl:AnalysisType>B</nl:AnalysisType>
                <nl:AnalysisTypeDescription>Bilagsart</nl:AnalysisTypeDescription>
                <nl:AnalysisID>SYS-6</nl:AnalysisID>
                <nl:AnalysisIDDescription>6-Avansert bilag</nl:AnalysisIDDescription>
            </nl:AnalysisTypeTableEntry>
            <nl:AnalysisTypeTableEntry>
                <nl:AnalysisType>B</nl:AnalysisType>
                <nl:AnalysisTypeDescription>Bilagsart</nl:AnalysisTypeDescription>
                <nl:AnalysisID>SYS-7</nl:AnalysisID>
                <nl:AnalysisIDDescription>7-Avansert bilag</nl:AnalysisIDDescription>
            </nl:AnalysisTypeTableEntry>
            <nl:AnalysisTypeTableEntry>
                <nl:AnalysisType>B</nl:AnalysisType>
                <nl:AnalysisTypeDescription>Bilagsart</nl:AnalysisTypeDescription>
                <nl:AnalysisID>SYS-8</nl:AnalysisID>
                <nl:AnalysisIDDescription>8-Mva-melding</nl:AnalysisIDDescription>
            </nl:AnalysisTypeTableEntry>
            <nl:AnalysisTypeTableEntry>
                <nl:AnalysisType>B</nl:AnalysisType>
                <nl:AnalysisTypeDescription>Bilagsart</nl:AnalysisTypeDescription>
                <nl:AnalysisID>SYS-9</nl:AnalysisID>
                <nl:AnalysisIDDescription>9-Avansert bilag</nl:AnalysisIDDescription>
            </nl:AnalysisTypeTableEntry>
            <nl:AnalysisTypeTableEntry>
                <nl:AnalysisType>B</nl:AnalysisType>
                <nl:AnalysisTypeDescription>Bilagsart</nl:AnalysisTypeDescription>
                <nl:AnalysisID>SYS-10</nl:AnalysisID>
                <nl:AnalysisIDDescription>10-Avansert bilag</nl:AnalysisIDDescription>
            </nl:AnalysisTypeTableEntry>
            <nl:AnalysisTypeTableEntry>
                <nl:AnalysisType>B</nl:AnalysisType>
                <nl:AnalysisTypeDescription>Bilagsart</nl:AnalysisTypeDescription>
                <nl:AnalysisID>SYS-11</nl:AnalysisID>
                <nl:AnalysisIDDescription>11-Leverandørfaktura (enkel føring)</nl:AnalysisIDDescription>
            </nl:AnalysisTypeTableEntry>
            <nl:AnalysisTypeTableEntry>
                <nl:AnalysisType>B</nl:AnalysisType>
                <nl:AnalysisTypeDescription>Bilagsart</nl:AnalysisTypeDescription>
                <nl:AnalysisID>SYS-12</nl:AnalysisID>
                <nl:AnalysisIDDescription>12-Avansert bilag</nl:AnalysisIDDescription>
            </nl:AnalysisTypeTableEntry>
            <nl:AnalysisTypeTableEntry>
                <nl:AnalysisType>B</nl:AnalysisType>
                <nl:AnalysisTypeDescription>Bilagsart</nl:AnalysisTypeDescription>
                <nl:AnalysisID>SYS-13</nl:AnalysisID>
                <nl:AnalysisIDDescription>13-Avansert bilag</nl:AnalysisIDDescription>
            </nl:AnalysisTypeTableEntry>
            <nl:AnalysisTypeTableEntry>
                <nl:AnalysisType>B</nl:AnalysisType>
                <nl:AnalysisTypeDescription>Bilagsart</nl:AnalysisTypeDescription>
                <nl:AnalysisID>SYS-14</nl:AnalysisID>
                <nl:AnalysisIDDescription>14-Avansert bilag</nl:AnalysisIDDescription>
            </nl:AnalysisTypeTableEntry>
            <nl:AnalysisTypeTableEntry>
                <nl:AnalysisType>B</nl:AnalysisType>
                <nl:AnalysisTypeDescription>Bilagsart</nl:AnalysisTypeDescription>
                <nl:AnalysisID>SYS-15</nl:AnalysisID>
                <nl:AnalysisIDDescription>15-Produktkjøp</nl:AnalysisIDDescription>
            </nl:AnalysisTypeTableEntry>
            <nl:AnalysisTypeTableEntry>
                <nl:AnalysisType>B</nl:AnalysisType>
                <nl:AnalysisTypeDescription>Bilagsart</nl:AnalysisTypeDescription>
                <nl:AnalysisID>SYS-16</nl:AnalysisID>
                <nl:AnalysisIDDescription>16-Avansert bilag</nl:AnalysisIDDescription>
            </nl:AnalysisTypeTableEntry>
            <nl:AnalysisTypeTableEntry>
                <nl:AnalysisType>B</nl:AnalysisType>
                <nl:AnalysisTypeDescription>Bilagsart</nl:AnalysisTypeDescription>
                <nl:AnalysisID>SYS-17</nl:AnalysisID>
                <nl:AnalysisIDDescription>17-Avansert bilag</nl:AnalysisIDDescription>
            </nl:AnalysisTypeTableEntry>
            <nl:AnalysisTypeTableEntry>
                <nl:AnalysisType>B</nl:AnalysisType>
                <nl:AnalysisTypeDescription>Bilagsart</nl:AnalysisTypeDescription>
                <nl:AnalysisID>SYS-18</nl:AnalysisID>
                <nl:AnalysisIDDescription>18-Leverandørfaktura (enkel føring)</nl:AnalysisIDDescription>
            </nl:AnalysisTypeTableEntry>
            <nl:AnalysisTypeTableEntry>
                <nl:AnalysisType>B</nl:AnalysisType>
                <nl:AnalysisTypeDescription>Bilagsart</nl:AnalysisTypeDescription>
                <nl:AnalysisID>SYS-19</nl:AnalysisID>
                <nl:AnalysisIDDescription>19-Avansert bilag</nl:AnalysisIDDescription>
            </nl:AnalysisTypeTableEntry>
            <nl:AnalysisTypeTableEntry>
                <nl:AnalysisType>B</nl:AnalysisType>
                <nl:AnalysisTypeDescription>Bilagsart</nl:AnalysisTypeDescription>
                <nl:AnalysisID>SYS-20</nl:AnalysisID>
                <nl:AnalysisIDDescription>20-Avansert bilag</nl:AnalysisIDDescription>
            </nl:AnalysisTypeTableEntry>
            <nl:AnalysisTypeTableEntry>
                <nl:AnalysisType>B</nl:AnalysisType>
                <nl:AnalysisTypeDescription>Bilagsart</nl:AnalysisTypeDescription>
                <nl:AnalysisID>SYS-21</nl:AnalysisID>
                <nl:AnalysisIDDescription>21-Inntekt</nl:AnalysisIDDescription>
            </nl:AnalysisTypeTableEntry>
            <nl:AnalysisTypeTableEntry>
                <nl:AnalysisType>B</nl:AnalysisType>
                <nl:AnalysisTypeDescription>Bilagsart</nl:AnalysisTypeDescription>
                <nl:AnalysisID>SYS-22</nl:AnalysisID>
                <nl:AnalysisIDDescription>22-Avansert bilag</nl:AnalysisIDDescription>
            </nl:AnalysisTypeTableEntry>
            <nl:AnalysisTypeTableEntry>
                <nl:AnalysisType>B</nl:AnalysisType>
                <nl:AnalysisTypeDescription>Bilagsart</nl:AnalysisTypeDescription>
                <nl:AnalysisID>SYS-23</nl:AnalysisID>
                <nl:AnalysisIDDescription>23-Avansert bilag</nl:AnalysisIDDescription>
            </nl:AnalysisTypeTableEntry>
            <nl:AnalysisTypeTableEntry>
                <nl:AnalysisType>B</nl:AnalysisType>
                <nl:AnalysisTypeDescription>Bilagsart</nl:AnalysisTypeDescription>
                <nl:AnalysisID>SYS-24</nl:AnalysisID>
                <nl:AnalysisIDDescription>24-Avansert bilag (gammel versjon)</nl:AnalysisIDDescription>
            </nl:AnalysisTypeTableEntry>
            <nl:AnalysisTypeTableEntry>
                <nl:AnalysisType>B</nl:AnalysisType>
                <nl:AnalysisTypeDescription>Bilagsart</nl:AnalysisTypeDescription>
                <nl:AnalysisID>SYS-25</nl:AnalysisID>
                <nl:AnalysisIDDescription>25-Avansert bilag</nl:AnalysisIDDescription>
            </nl:AnalysisTypeTableEntry>
            <nl:AnalysisTypeTableEntry>
                <nl:AnalysisType>B</nl:AnalysisType>
                <nl:AnalysisTypeDescription>Bilagsart</nl:AnalysisTypeDescription>
                <nl:AnalysisID>SYS-26</nl:AnalysisID>
                <nl:AnalysisIDDescription>26-Avansert bilag</nl:AnalysisIDDescription>
            </nl:AnalysisTypeTableEntry>
            <nl:AnalysisTypeTableEntry>
                <nl:AnalysisType>B</nl:AnalysisType>
                <nl:AnalysisTypeDescription>Bilagsart</nl:AnalysisTypeDescription>
                <nl:AnalysisID>SYS-27</nl:AnalysisID>
                <nl:AnalysisIDDescription>27-Avansert bilag</nl:AnalysisIDDescription>
            </nl:AnalysisTypeTableEntry>
            <nl:AnalysisTypeTableEntry>
                <nl:AnalysisType>B</nl:AnalysisType>
                <nl:AnalysisTypeDescription>Bilagsart</nl:AnalysisTypeDescription>
                <nl:AnalysisID>SYS-28</nl:AnalysisID>
                <nl:AnalysisIDDescription>28-Avansert bilag</nl:AnalysisIDDescription>
            </nl:AnalysisTypeTableEntry>
            <nl:AnalysisTypeTableEntry>
                <nl:AnalysisType>B</nl:AnalysisType>
                <nl:AnalysisTypeDescription>Bilagsart</nl:AnalysisTypeDescription>
                <nl:AnalysisID>SYS-29</nl:AnalysisID>
                <nl:AnalysisIDDescription>29-Avansert bilag</nl:AnalysisIDDescription>
            </nl:AnalysisTypeTableEntry>
            <nl:AnalysisTypeTableEntry>
                <nl:AnalysisType>B</nl:AnalysisType>
                <nl:AnalysisTypeDescription>Bilagsart</nl:AnalysisTypeDescription>
                <nl:AnalysisID>SYS-30</nl:AnalysisID>
                <nl:AnalysisIDDescription>30-Avansert bilag</nl:AnalysisIDDescription>
            </nl:AnalysisTypeTableEntry>
            <nl:AnalysisTypeTableEntry>
                <nl:AnalysisType>B</nl:AnalysisType>
                <nl:AnalysisTypeDescription>Bilagsart</nl:AnalysisTypeDescription>
                <nl:AnalysisID>SYS-31</nl:AnalysisID>
                <nl:AnalysisIDDescription>31-Avansert bilag</nl:AnalysisIDDescription>
            </nl:AnalysisTypeTableEntry>
            <nl:AnalysisTypeTableEntry>
                <nl:AnalysisType>B</nl:AnalysisType>
                <nl:AnalysisTypeDescription>Bilagsart</nl:AnalysisTypeDescription>
                <nl:AnalysisID>SYS-32</nl:AnalysisID>
                <nl:AnalysisIDDescription>32-Avansert bilag</nl:AnalysisIDDescription>
            </nl:AnalysisTypeTableEntry>
            <nl:AnalysisTypeTableEntry>
                <nl:AnalysisType>B</nl:AnalysisType>
                <nl:AnalysisTypeDescription>Bilagsart</nl:AnalysisTypeDescription>
                <nl:AnalysisID>SYS-33</nl:AnalysisID>
                <nl:AnalysisIDDescription>33-Tolldeklarasjon</nl:AnalysisIDDescription>
            </nl:AnalysisTypeTableEntry>
            <nl:AnalysisTypeTableEntry>
                <nl:AnalysisType>B</nl:AnalysisType>
                <nl:AnalysisTypeDescription>Bilagsart</nl:AnalysisTypeDescription>
                <nl:AnalysisID>SYS-34</nl:AnalysisID>
                <nl:AnalysisIDDescription>34-Avansert bilag</nl:AnalysisIDDescription>
            </nl:AnalysisTypeTableEntry>
            <nl:AnalysisTypeTableEntry>
                <nl:AnalysisType>B</nl:AnalysisType>
                <nl:AnalysisTypeDescription>Bilagsart</nl:AnalysisTypeDescription>
                <nl:AnalysisID>SYS-35</nl:AnalysisID>
                <nl:AnalysisIDDescription>35-Avansert bilag</nl:AnalysisIDDescription>
            </nl:AnalysisTypeTableEntry>
            <nl:AnalysisTypeTableEntry>
                <nl:AnalysisType>B</nl:AnalysisType>
                <nl:AnalysisTypeDescription>Bilagsart</nl:AnalysisTypeDescription>
                <nl:AnalysisID>SYS-36</nl:AnalysisID>
                <nl:AnalysisIDDescription>36-Leverandørfaktura (detaljert føring)</nl:AnalysisIDDescription>
            </nl:AnalysisTypeTableEntry>
            <nl:AnalysisTypeTableEntry>
                <nl:AnalysisType>B</nl:AnalysisType>
                <nl:AnalysisTypeDescription>Bilagsart</nl:AnalysisTypeDescription>
                <nl:AnalysisID>SYS-37</nl:AnalysisID>
                <nl:AnalysisIDDescription>37-Avansert bilag</nl:AnalysisIDDescription>
            </nl:AnalysisTypeTableEntry>
            <nl:AnalysisTypeTableEntry>
                <nl:AnalysisType>B</nl:AnalysisType>
                <nl:AnalysisTypeDescription>Bilagsart</nl:AnalysisTypeDescription>
                <nl:AnalysisID>SYS-38</nl:AnalysisID>
                <nl:AnalysisIDDescription>38-Avansert bilag</nl:AnalysisIDDescription>
            </nl:AnalysisTypeTableEntry>
            <nl:AnalysisTypeTableEntry>
                <nl:AnalysisType>B</nl:AnalysisType>
                <nl:AnalysisTypeDescription>Bilagsart</nl:AnalysisTypeDescription>
                <nl:AnalysisID>SYS-39</nl:AnalysisID>
                <nl:AnalysisIDDescription>39-Avansert bilag</nl:AnalysisIDDescription>
            </nl:AnalysisTypeTableEntry>
            <nl:AnalysisTypeTableEntry>
                <nl:AnalysisType>B</nl:AnalysisType>
                <nl:AnalysisTypeDescription>Bilagsart</nl:AnalysisTypeDescription>
                <nl:AnalysisID>USER-2142390</nl:AnalysisID>
                <nl:AnalysisIDDescription>Utgående faktura</nl:AnalysisIDDescription>
            </nl:AnalysisTypeTableEntry>
            <nl:AnalysisTypeTableEntry>
                <nl:AnalysisType>B</nl:AnalysisType>
                <nl:AnalysisTypeDescription>Bilagsart</nl:AnalysisTypeDescription>
                <nl:AnalysisID>USER-2142391</nl:AnalysisID>
                <nl:AnalysisIDDescription>Leverandørfaktura</nl:AnalysisIDDescription>
            </nl:AnalysisTypeTableEntry>
            <nl:AnalysisTypeTableEntry>
                <nl:AnalysisType>B</nl:AnalysisType>
                <nl:AnalysisTypeDescription>Bilagsart</nl:AnalysisTypeDescription>
                <nl:AnalysisID>USER-2142392</nl:AnalysisID>
                <nl:AnalysisIDDescription>Purring</nl:AnalysisIDDescription>
            </nl:AnalysisTypeTableEntry>
            <nl:AnalysisTypeTableEntry>
                <nl:AnalysisType>B</nl:AnalysisType>
                <nl:AnalysisTypeDescription>Bilagsart</nl:AnalysisTypeDescription>
                <nl:AnalysisID>USER-2142393</nl:AnalysisID>
                <nl:AnalysisIDDescription>Betaling</nl:AnalysisIDDescription>
            </nl:AnalysisTypeTableEntry>
            <nl:AnalysisTypeTableEntry>
                <nl:AnalysisType>B</nl:AnalysisType>
                <nl:AnalysisTypeDescription>Bilagsart</nl:AnalysisTypeDescription>
                <nl:AnalysisID>USER-2142394</nl:AnalysisID>
                <nl:AnalysisIDDescription>Lønnsbilag</nl:AnalysisIDDescription>
            </nl:AnalysisTypeTableEntry>
            <nl:AnalysisTypeTableEntry>
                <nl:AnalysisType>B</nl:AnalysisType>
                <nl:AnalysisTypeDescription>Bilagsart</nl:AnalysisTypeDescription>
                <nl:AnalysisID>USER-2142395</nl:AnalysisID>
                <nl:AnalysisIDDescription>Terminoppgave</nl:AnalysisIDDescription>
            </nl:AnalysisTypeTableEntry>
            <nl:AnalysisTypeTableEntry>
                <nl:AnalysisType>B</nl:AnalysisType>
                <nl:AnalysisTypeDescription>Bilagsart</nl:AnalysisTypeDescription>
                <nl:AnalysisID>USER-2142396</nl:AnalysisID>
                <nl:AnalysisIDDescription>Mva-melding</nl:AnalysisIDDescription>
            </nl:AnalysisTypeTableEntry>
            <nl:AnalysisTypeTableEntry>
                <nl:AnalysisType>B</nl:AnalysisType>
                <nl:AnalysisTypeDescription>Bilagsart</nl:AnalysisTypeDescription>
                <nl:AnalysisID>USER-2142397</nl:AnalysisID>
                <nl:AnalysisIDDescription>OCR giro</nl:AnalysisIDDescription>
            </nl:AnalysisTypeTableEntry>
            <nl:AnalysisTypeTableEntry>
                <nl:AnalysisType>B</nl:AnalysisType>
                <nl:AnalysisTypeDescription>Bilagsart</nl:AnalysisTypeDescription>
                <nl:AnalysisID>USER-2142398</nl:AnalysisID>
                <nl:AnalysisIDDescription>Remittering</nl:AnalysisIDDescription>
            </nl:AnalysisTypeTableEntry>
            <nl:AnalysisTypeTableEntry>
                <nl:AnalysisType>B</nl:AnalysisType>
                <nl:AnalysisTypeDescription>Bilagsart</nl:AnalysisTypeDescription>
                <nl:AnalysisID>USER-2142399</nl:AnalysisID>
                <nl:AnalysisIDDescription>Bankavstemming</nl:AnalysisIDDescription>
            </nl:AnalysisTypeTableEntry>
            <nl:AnalysisTypeTableEntry>
                <nl:AnalysisType>B</nl:AnalysisType>
                <nl:AnalysisTypeDescription>Bilagsart</nl:AnalysisTypeDescription>
                <nl:AnalysisID>USER-2142400</nl:AnalysisID>
                <nl:AnalysisIDDescription>Reiseregning</nl:AnalysisIDDescription>
            </nl:AnalysisTypeTableEntry>
            <nl:AnalysisTypeTableEntry>
                <nl:AnalysisType>B</nl:AnalysisType>
                <nl:AnalysisTypeDescription>Bilagsart</nl:AnalysisTypeDescription>
                <nl:AnalysisID>USER-2142401</nl:AnalysisID>
                <nl:AnalysisIDDescription>Ansattutlegg</nl:AnalysisIDDescription>
            </nl:AnalysisTypeTableEntry>
            <nl:AnalysisTypeTableEntry>
                <nl:AnalysisType>B</nl:AnalysisType>
                <nl:AnalysisTypeDescription>Bilagsart</nl:AnalysisTypeDescription>
                <nl:AnalysisID>USER-2142402</nl:AnalysisID>
                <nl:AnalysisIDDescription>Åpningsbalanse</nl:AnalysisIDDescription>
            </nl:AnalysisTypeTableEntry>
            <nl:AnalysisTypeTableEntry>
                <nl:AnalysisType>B</nl:AnalysisType>
                <nl:AnalysisTypeDescription>Bilagsart</nl:AnalysisTypeDescription>
                <nl:AnalysisID>USER-2142403</nl:AnalysisID>
                <nl:AnalysisIDDescription>Tolldeklarasjon</nl:AnalysisIDDescription>
            </nl:AnalysisTypeTableEntry>
            <nl:AnalysisTypeTableEntry>
                <nl:AnalysisType>B</nl:AnalysisType>
                <nl:AnalysisTypeDescription>Bilagsart</nl:AnalysisTypeDescription>
                <nl:AnalysisID>USER-2142404</nl:AnalysisID>
                <nl:AnalysisIDDescription>Obligatorisk tjenestepensjon</nl:AnalysisIDDescription>
            </nl:AnalysisTypeTableEntry>
            <nl:AnalysisTypeTableEntry>
                <nl:AnalysisType>B</nl:AnalysisType>
                <nl:AnalysisTypeDescription>Bilagsart</nl:AnalysisTypeDescription>
                <nl:AnalysisID>USER-2142405</nl:AnalysisID>
                <nl:AnalysisIDDescription>Refusjon av sykepenger</nl:AnalysisIDDescription>
            </nl:AnalysisTypeTableEntry>
            <nl:AnalysisTypeTableEntry>
                <nl:AnalysisType>B</nl:AnalysisType>
                <nl:AnalysisTypeDescription>Bilagsart</nl:AnalysisTypeDescription>
                <nl:AnalysisID>USER-2142406</nl:AnalysisID>
                <nl:AnalysisIDDescription>Øreavrunding</nl:AnalysisIDDescription>
            </nl:AnalysisTypeTableEntry>
            <nl:AnalysisTypeTableEntry>
                <nl:AnalysisType>A</nl:AnalysisType>
                <nl:AnalysisTypeDescription>Avdeling</nl:AnalysisTypeDescription>
                <nl:AnalysisID>184786</nl:AnalysisID>
                <nl:AnalysisIDDescription>Avdeling</nl:AnalysisIDDescription>
            </nl:AnalysisTypeTableEntry>
            <nl:AnalysisTypeTableEntry>
                <nl:AnalysisType>E</nl:AnalysisType>
                <nl:AnalysisTypeDescription>Ansatte</nl:AnalysisTypeDescription>
                <nl:AnalysisID>3139046</nl:AnalysisID>
                <nl:AnalysisIDDescription>Sindre Nyberg</nl:AnalysisIDDescription>
            </nl:AnalysisTypeTableEntry>
        </nl:AnalysisTypeTable>
    </nl:MasterFiles>
    <nl:GeneralLedgerEntries>
        <nl:NumberOfEntries>2</nl:NumberOfEntries>
        <nl:TotalDebit>4.0</nl:TotalDebit>
        <nl:TotalCredit>4.0</nl:TotalCredit>
        <nl:Journal>
            <nl:JournalID>TLX-22627293</nl:JournalID>
            <nl:Description>Kontospesifikasjon fra 2020-01-01 til 2020-12-31</nl:Description>
            <nl:Type>GL</nl:Type>
            <nl:Transaction>
                <nl:TransactionID>1</nl:TransactionID>
                <nl:Period>10</nl:Period>
                <nl:PeriodYear>2020</nl:PeriodYear>
                <nl:TransactionDate>2020-10-11</nl:TransactionDate>
                <nl:TransactionType>Normal</nl:TransactionType>
                <nl:Description>test</nl:Description>
                <nl:SystemEntryDate>2020-10-09</nl:SystemEntryDate>
                <nl:GLPostingDate>2020-10-11</nl:GLPostingDate>
                <nl:SystemID>124153751</nl:SystemID>
                <nl:Line>
                    <nl:RecordID>607184227</nl:RecordID>
                    <nl:AccountID>2960</nl:AccountID>
                    <nl:Analysis>
                        <nl:AnalysisType>B</nl:AnalysisType>
                        <nl:AnalysisID>SYS-11</nl:AnalysisID>
                    </nl:Analysis>
                    <nl:Analysis>
                        <nl:AnalysisType>B</nl:AnalysisType>
                        <nl:AnalysisID>USER-2142391</nl:AnalysisID>
                    </nl:Analysis>
                    <nl:ValueDate>2020-10-11</nl:ValueDate>
                    <nl:Description>test</nl:Description>
                    <nl:DebitAmount>
                        <nl:Amount>0.8</nl:Amount>
                    </nl:DebitAmount>
                    <nl:TaxInformation>
                        <nl:TaxType>MVA</nl:TaxType>
                        <nl:TaxCode>1</nl:TaxCode>
                        <nl:TaxPercentage>25.0</nl:TaxPercentage>
                        <nl:TaxBase>0.8</nl:TaxBase>
                        <nl:TaxAmount>
                            <nl:Amount>0.2</nl:Amount>
                        </nl:TaxAmount>
                    </nl:TaxInformation>
                    <nl:ReferenceNumber>1</nl:ReferenceNumber>
                </nl:Line>
                <nl:Line>
                    <nl:RecordID>607184228</nl:RecordID>
                    <nl:AccountID>2400</nl:AccountID>
                    <nl:Analysis>
                        <nl:AnalysisType>B</nl:AnalysisType>
                        <nl:AnalysisID>SYS-11</nl:AnalysisID>
                    </nl:Analysis>
                    <nl:Analysis>
                        <nl:AnalysisType>B</nl:AnalysisType>
                        <nl:AnalysisID>USER-2142391</nl:AnalysisID>
                    </nl:Analysis>
                    <nl:ValueDate>2020-10-11</nl:ValueDate>
                    <nl:SupplierID>22748623</nl:SupplierID>
                    <nl:Description>test</nl:Description>
                    <nl:CreditAmount>
                        <nl:Amount>1.0</nl:Amount>
                    </nl:CreditAmount>
                    <nl:ReferenceNumber>1</nl:ReferenceNumber>
                </nl:Line>
                <nl:Line>
                    <nl:RecordID>607184230</nl:RecordID>
                    <nl:AccountID>1920</nl:AccountID>
                    <nl:Analysis>
                        <nl:AnalysisType>B</nl:AnalysisType>
                        <nl:AnalysisID>SYS-11</nl:AnalysisID>
                    </nl:Analysis>
                    <nl:Analysis>
                        <nl:AnalysisType>B</nl:AnalysisType>
                        <nl:AnalysisID>USER-2142391</nl:AnalysisID>
                    </nl:Analysis>
                    <nl:ValueDate>2020-10-11</nl:ValueDate>
                    <nl:Description>Betaling: test</nl:Description>
                    <nl:CreditAmount>
                        <nl:Amount>1.0</nl:Amount>
                    </nl:CreditAmount>
                    <nl:ReferenceNumber>1</nl:ReferenceNumber>
                </nl:Line>
                <nl:Line>
                    <nl:RecordID>607184231</nl:RecordID>
                    <nl:AccountID>2400</nl:AccountID>
                    <nl:Analysis>
                        <nl:AnalysisType>B</nl:AnalysisType>
                        <nl:AnalysisID>SYS-11</nl:AnalysisID>
                    </nl:Analysis>
                    <nl:Analysis>
                        <nl:AnalysisType>B</nl:AnalysisType>
                        <nl:AnalysisID>USER-2142391</nl:AnalysisID>
                    </nl:Analysis>
                    <nl:ValueDate>2020-10-11</nl:ValueDate>
                    <nl:SupplierID>22748623</nl:SupplierID>
                    <nl:Description>Betaling: test</nl:Description>
                    <nl:DebitAmount>
                        <nl:Amount>1.0</nl:Amount>
                    </nl:DebitAmount>
                    <nl:ReferenceNumber>1</nl:ReferenceNumber>
                </nl:Line>
                <nl:Line>
                    <nl:RecordID>607184232</nl:RecordID>
                    <nl:AccountID>2710</nl:AccountID>
                    <nl:Analysis>
                        <nl:AnalysisType>B</nl:AnalysisType>
                        <nl:AnalysisID>SYS-11</nl:AnalysisID>
                    </nl:Analysis>
                    <nl:Analysis>
                        <nl:AnalysisType>B</nl:AnalysisType>
                        <nl:AnalysisID>USER-2142391</nl:AnalysisID>
                    </nl:Analysis>
                    <nl:ValueDate>2020-10-11</nl:ValueDate>
                    <nl:Description>test</nl:Description>
                    <nl:DebitAmount>
                        <nl:Amount>0.2</nl:Amount>
                    </nl:DebitAmount>
                    <nl:ReferenceNumber>1</nl:ReferenceNumber>
                </nl:Line>
            </nl:Transaction>
            <nl:Transaction>
                <nl:TransactionID>2</nl:TransactionID>
                <nl:Period>10</nl:Period>
                <nl:PeriodYear>2020</nl:PeriodYear>
                <nl:TransactionDate>2020-10-12</nl:TransactionDate>
                <nl:TransactionType>Normal</nl:TransactionType>
                <nl:Description>test</nl:Description>
                <nl:SystemEntryDate>2020-10-12</nl:SystemEntryDate>
                <nl:GLPostingDate>2020-10-12</nl:GLPostingDate>
                <nl:SystemID>124245427</nl:SystemID>
                <nl:Line>
                    <nl:RecordID>607591959</nl:RecordID>
                    <nl:AccountID>3000</nl:AccountID>
                    <nl:Analysis>
                        <nl:AnalysisType>B</nl:AnalysisType>
                        <nl:AnalysisID>SYS-21</nl:AnalysisID>
                    </nl:Analysis>
                    <nl:ValueDate>2020-10-12</nl:ValueDate>
                    <nl:Description>test</nl:Description>
                    <nl:CreditAmount>
                        <nl:Amount>1.6</nl:Amount>
                    </nl:CreditAmount>
                    <nl:TaxInformation>
                        <nl:TaxType>MVA</nl:TaxType>
                        <nl:TaxCode>3</nl:TaxCode>
                        <nl:TaxPercentage>25.0</nl:TaxPercentage>
                        <nl:TaxBase>1.6</nl:TaxBase>
                        <nl:TaxAmount>
                            <nl:Amount>0.4</nl:Amount>
                        </nl:TaxAmount>
                    </nl:TaxInformation>
                </nl:Line>
                <nl:Line>
                    <nl:RecordID>607591960</nl:RecordID>
                    <nl:AccountID>1500</nl:AccountID>
                    <nl:Analysis>
                        <nl:AnalysisType>B</nl:AnalysisType>
                        <nl:AnalysisID>SYS-21</nl:AnalysisID>
                    </nl:Analysis>
                    <nl:ValueDate>2020-10-12</nl:ValueDate>
                    <nl:CustomerID>22760798</nl:CustomerID>
                    <nl:Description>test</nl:Description>
                    <nl:DebitAmount>
                        <nl:Amount>2.0</nl:Amount>
                    </nl:DebitAmount>
                </nl:Line>
                <nl:Line>
                    <nl:RecordID>607591961</nl:RecordID>
                    <nl:AccountID>2700</nl:AccountID>
                    <nl:Analysis>
                        <nl:AnalysisType>B</nl:AnalysisType>
                        <nl:AnalysisID>SYS-21</nl:AnalysisID>
                    </nl:Analysis>
                    <nl:ValueDate>2020-10-12</nl:ValueDate>
                    <nl:Description>test</nl:Description>
                    <nl:CreditAmount>
                        <nl:Amount>0.4</nl:Amount>
                    </nl:CreditAmount>
                </nl:Line>
            </nl:Transaction>
        </nl:Journal>
    </nl:GeneralLedgerEntries>
</nl:AuditFile>
